%% This BibTeX bibliography file was created using BibDesk.
%% http://bibdesk.sourceforge.net/


%% Created for Stephan Gabler at 2011-01-20 11:14:19 +0200 


%% Saved with string encoding Unicode (UTF-8) 



@url{circ_stat,
	Author = {P. Berens and M. J. Velasco},
	Date-Added = {2011-01-20 10:58:54 +0200},
	Date-Modified = {2011-01-20 11:00:26 +0200},
	Title = {The circular statistics toolbox for Matlab},
	Url = {http://www.kyb.mpg.de/bs/people/berens/circStat.html}}

@article{Zhang:1998p4401,
	Abstract = { Zhang, Kechen, Iris , Bruce L. McNaughton, and Terrence J. Sejnowski.    by : unified framework },
	Author = {K Zhang and I Ginzburg and B McNaughton},
	Date-Added = {2009-09-17 23:42:08 +0200},
	Date-Modified = {2009-09-17 23:42:08 +0200},
	Journal = {Journal of Neurophysiology},
	Local-Url = {file://localhost/Users/dedan/Documents/Papers/1998/Zhang/Journal%20of%20Neurophysiology%201998%20Zhang.pdf},
	Month = {Jan},
	Pmid = {2223458578503840612related:ZDOE-MtP2x4J},
	Rating = {0},
	Title = {Interpreting neuronal population activity by reconstruction: unified framework with {\ldots}},
	Uri = {papers://4E5C2F71-798B-4BA5-8F23-7DF5981E424E/Paper/p4401},
	Url = {http://jn.physiology.org/cgi/content/abstract/79/2/1017},
	Year = {1998},
	Bdsk-File-1 = {YnBsaXN0MDDUAQIDBAUIJidUJHRvcFgkb2JqZWN0c1gkdmVyc2lvblkkYXJjaGl2ZXLRBgdUcm9vdIABqAkKFRYXGyIjVSRudWxs0wsMDQ4RFFpOUy5vYmplY3RzV05TLmtleXNWJGNsYXNzog8QgASABqISE4ACgAOAB1lhbGlhc0RhdGFccmVsYXRpdmVQYXRo0hgNGRpXTlMuZGF0YU8RAfYAAAAAAfYAAgAABlBsYXR0ZQAAAAAAAAAAAAAAAAAAAAAAAAAAAMYxEPhIKwAAAC9/Fh9Kb3VybmFsIG9mIE5ldXJvcGh5cyMyRjdGMTcucGRmAAAAAAAAAAAAAAAAAAAAAAAAAAAAAAAAAAAAAAAAAAAAL38XxtiH4AAAAAAAAAAAAAQABQAACSAAAAAAAAAAAAAAAAAAAAAFWmhhbmcAABAACAAAxjDmyAAAABEACAAAxthdsAAAAAEAGAAvfxYALJ6/AAQAxQAC704AAu83AAB5iQACAE5QbGF0dGU6VXNlcnM6ZGVkYW46RG9jdW1lbnRzOlBhcGVyczoxOTk4OlpoYW5nOkpvdXJuYWwgb2YgTmV1cm9waHlzIzJGN0YxNy5wZGYADgBUACkASgBvAHUAcgBuAGEAbAAgAG8AZgAgAE4AZQB1AHIAbwBwAGgAeQBzAGkAbwBsAG8AZwB5ACAAMQA5ADkAOAAgAFoAaABhAG4AZwAuAHAAZABmAA8ADgAGAFAAbABhAHQAdABlABIAUVVzZXJzL2RlZGFuL0RvY3VtZW50cy9QYXBlcnMvMTk5OC9aaGFuZy9Kb3VybmFsIG9mIE5ldXJvcGh5c2lvbG9neSAxOTk4IFpoYW5nLnBkZgAAEwABLwAAFQACAAz//wAAgAXSHB0eH1gkY2xhc3Nlc1okY2xhc3NuYW1lox8gIV1OU011dGFibGVEYXRhVk5TRGF0YVhOU09iamVjdF8QUS4uLy4uLy4uLy4uL0RvY3VtZW50cy9QYXBlcnMvMTk5OC9aaGFuZy9Kb3VybmFsIG9mIE5ldXJvcGh5c2lvbG9neSAxOTk4IFpoYW5nLnBkZtIcHSQloiUhXE5TRGljdGlvbmFyeRIAAYagXxAPTlNLZXllZEFyY2hpdmVyAAgAEQAWAB8AKAAyADUAOgA8AEUASwBSAF0AZQBsAG8AcQBzAHYAeAB6AHwAhgCTAJgAoAKaApwCoQKqArUCuQLHAs4C1wMrAzADMwNAA0UAAAAAAAACAQAAAAAAAAAoAAAAAAAAAAAAAAAAAAADVw==},
	Bdsk-Url-1 = {http://jn.physiology.org/cgi/content/abstract/79/2/1017}}

@webpage{yifat,
	Date-Modified = {2011-01-20 11:12:08 +0200},
	Lastchecked = {091709},
	Organization = {Faculty of Medicine, The Hebrew University of Jerusalem},
	Timestamp = {2009.09.17},
	Title = {Laboratory of Yifat Prut},
	Url = {http://physiology.huji.ac.il/YifatPrut.asp},
	Bdsk-Url-1 = {http://physiology.huji.ac.il/YifatPrut.asp}}

@url{code,
	Author = {S Gabler},
	Date-Modified = {2011-01-20 11:14:17 +0200},
	Lastchecked = {20.01.2011},
	Read = {0},
	Timestamp = {20.01.2011},
	Title = {Code of this analysis},
	Url = {https://github.com/dedan/synergies_code},
	Bdsk-Url-1 = {svn://wrfl.de/dedan/thesiscode}}

@webpage{eeg,
	Date-Modified = {2011-01-20 11:11:54 +0200},
	Lastchecked = {091709},
	Timestamp = {2009.09.17},
	Title = {eeglab package},
	Url = {http://sccn.ucsd.edu/eeglab},
	Bdsk-Url-1 = {http://sccn.ucsd.edu/eeglab}}

@article{Lee:1998p4164,
	Abstract = {We analyzed the magnitude and interneuronal correlation of the variability in the activity of single neurons that were recorded simultaneously using a multielectrode array in the primary motor cortex and parietal areas 2/5 in rhesus monkeys. The animals were trained to move their arms in one of eight directions as instructed by a visual target. The relationship between variability (SD) and mean of the discharge rate was described by a power function with a similar exponent ( approximately 0.57), regardless of the cortical area or the behavioral condition. We examined whether the deviation from mean activity between target onset and the end of the movement was correlated on a trial-by-trial basis with variability in activity during the hold period before target onset. In both cortical areas, for about a quarter of the neurons, the neuronal noise of these two periods was positively correlated, whereas significant negative correlations were seldom observed. Overall, neurons with higher signal correlation (i.e., similar directional pattern) showed higher noise correlation in both cortical areas. On the other hand, when the data were divided according to the distance between the electrode tips from which the neurons were recorded, a consistent relationship between the signal and noise correlations was found only for pairs of neurons recorded through the same electrode. These results suggest that nearby neurons with similar directional tuning carry primarily redundant messages, whereas neurons in separate cortical columns perform more independent processing.},
	Affiliation = {Brain Sciences Center, Veterans Administration Medical Center, Minneapolis, Minnesota 55417, USA.},
	Author = {D Lee and N L Port and W Kruse and A P Georgopoulos},
	Date-Added = {2009-09-11 16:28:36 +0200},
	Date-Modified = {2009-09-11 16:28:36 +0200},
	Journal = {J Neurosci},
	Keywords = {Motor Cortex, Parietal Lobe, Neural Pathways, Electrophysiology, Primates, Action Potentials, Animals, Artifacts, Neurons, Macaca mulatta},
	Language = {eng},
	Local-Url = {file://localhost/Users/dedan/Documents/Papers/1998/Lee/J%20Neurosci%201998%20Lee.pdf},
	Month = {Feb},
	Number = {3},
	Pages = {1161--70},
	Pmid = {9437036},
	Rating = {0},
	Title = {Variability and correlated noise in the discharge of neurons in motor and parietal areas of the primate cortex},
	Uri = {papers://4E5C2F71-798B-4BA5-8F23-7DF5981E424E/Paper/p4164},
	Url = {http://www.jneurosci.org/cgi/content/full/18/3/1161},
	Volume = {18},
	Year = {1998},
	Bdsk-File-1 = {YnBsaXN0MDDUAQIDBAUIJidUJHRvcFgkb2JqZWN0c1gkdmVyc2lvblkkYXJjaGl2ZXLRBgdUcm9vdIABqAkKFRYXGyIjVSRudWxs0wsMDQ4RFFpOUy5vYmplY3RzV05TLmtleXNWJGNsYXNzog8QgASABqISE4ACgAOAB1lhbGlhc0RhdGFccmVsYXRpdmVQYXRo0hgNGRpXTlMuZGF0YU8RAbIAAAAAAbIAAgAABlBsYXR0ZQAAAAAAAAAAAAAAAAAAAAAAAAAAAMYxEPhIKwAAAC0DwRdKIE5ldXJvc2NpIDE5OTggTGVlLnBkZgAAAAAAAAAAAAAAAAAAAAAAAAAAAAAAAAAAAAAAAAAAAAAAAAAAAAAALQPCxtA5RAAAAAAAAAAAAAQABQAACSAAAAAAAAAAAAAAAAAAAAADTGVlAAAQAAgAAMYw5sgAAAARAAgAAMbQDxQAAAABABgALQPBACyevwAEAMUAAu9OAALvNwAAeYkAAgBEUGxhdHRlOlVzZXJzOmRlZGFuOkRvY3VtZW50czpQYXBlcnM6MTk5ODpMZWU6SiBOZXVyb3NjaSAxOTk4IExlZS5wZGYADgAwABcASgAgAE4AZQB1AHIAbwBzAGMAaQAgADEAOQA5ADgAIABMAGUAZQAuAHAAZABmAA8ADgAGAFAAbABhAHQAdABlABIAPVVzZXJzL2RlZGFuL0RvY3VtZW50cy9QYXBlcnMvMTk5OC9MZWUvSiBOZXVyb3NjaSAxOTk4IExlZS5wZGYAABMAAS8AABUAAgAM//8AAIAF0hwdHh9YJGNsYXNzZXNaJGNsYXNzbmFtZaMfICFdTlNNdXRhYmxlRGF0YVZOU0RhdGFYTlNPYmplY3RfED0uLi8uLi8uLi8uLi9Eb2N1bWVudHMvUGFwZXJzLzE5OTgvTGVlL0ogTmV1cm9zY2kgMTk5OCBMZWUucGRm0hwdJCWiJSFcTlNEaWN0aW9uYXJ5EgABhqBfEA9OU0tleWVkQXJjaGl2ZXIACAARABYAHwAoADIANQA6ADwARQBLAFIAXQBlAGwAbwBxAHMAdgB4AHoAfACGAJMAmACgAlYCWAJdAmYCcQJ1AoMCigKTAtMC2ALbAugC7QAAAAAAAAIBAAAAAAAAACgAAAAAAAAAAAAAAAAAAAL/},
	Bdsk-Url-1 = {http://www.jneurosci.org/cgi/content/full/18/3/1161}}

@article{Park:2004p3042,
	Abstract = {Stimulus-triggered averaging (StTA) of electromyographic (EMG) activity from 24 simultaneously recorded forelimb muscles was used to investigate properties of primary motor cortex (M1) output in the macaque monkey. Two monkeys were trained to perform a reach-to-grasp task requiring multijoint coordination of the forelimb. EMG activity was recorded from 24 forelimb muscles including 5 shoulder, 7 elbow, 5 wrist, 5 digit, and 2 intrinsic hand muscles. Microstimulation (15 microA at 15 Hz) was delivered throughout the movement task. From 297 stimulation sites in M1, a total of 2,079 poststimulus effects (PStE) were obtained including 1,398 poststimulus facilitation (PStF) effects and 681 poststimulus suppression (PStS) effects. Of the PStF effects, 60% were in distal and 40% in proximal muscles; 43% were of extensors and 47% flexors. For PStS, the corresponding numbers were 55 and 45% and 36 and 55%, respectively. M1 output effects showed extensive cofacilitation of proximal and distal muscles (96 sites, 42%) including 47 sites that facilitated at least one shoulder, elbow, and distal muscle, 45 sites that facilitated an elbow muscle and a distal muscle, and 22 sites that facilitated at least one muscle at all joints. The muscle synergies represented by outputs from these sites may serve an important role in the production of coordinated, multijoint movements. M1 output effects showed many similarities with red nucleus output although red nucleus effects were generally weaker and showed a strong bias toward facilitation of extensor muscles and a greater tendency to facilitate synergies involving muscles at noncontiguous joints.},
	Affiliation = {Department of Molecular and Integrative Physiology, and Mental Retardation Research Center, University of Kansas Medical Center, Kansas City, KS 66160-7336, USA.},
	Author = {Michael C Park and Abderraouf Belhaj-Sa{\"\i}f and Paul D Cheney},
	Date-Added = {2009-02-25 16:07:28 +0100},
	Date-Modified = {2009-02-25 16:07:28 +0100},
	Doi = {10.1152/jn.00649.2003},
	Journal = {Journal of Neurophysiology},
	Keywords = {Macaca mulatta, Reaction Time, Forelimb, Muscle: Skeletal, Efferent Pathways, Animals, Male, Motor Cortex, Electric Stimulation, Spinal Cord},
	Language = {eng},
	Local-Url = {file://localhost/Users/dedan/Documents/Papers/2004/Park/Journal%20of%20Neurophysiology%202004%20Park-1.pdf},
	Month = {Oct},
	Number = {5},
	Pages = {2968--84},
	Pii = {00649.2003},
	Pmid = {15163675},
	Rating = {0},
	Title = {Properties of primary motor cortex output to forelimb muscles in rhesus macaques},
	Uri = {papers://4E5C2F71-798B-4BA5-8F23-7DF5981E424E/Paper/p3042},
	Url = {http://jn.physiology.org/cgi/content/full/92/5/2968},
	Volume = {92},
	Year = {2004},
	Bdsk-File-1 = {YnBsaXN0MDDUAQIDBAUIJidUJHRvcFgkb2JqZWN0c1gkdmVyc2lvblkkYXJjaGl2ZXLRBgdUcm9vdIABqAkKFRYXGyIjVSRudWxs0wsMDQ4RFFpOUy5vYmplY3RzV05TLmtleXNWJGNsYXNzog8QgASABqISE4ACgAOAB1lhbGlhc0RhdGFccmVsYXRpdmVQYXRo0hgNGRpXTlMuZGF0YU8RAfYAAAAAAfYAAgAABlBsYXR0ZQAAAAAAAAAAAAAAAAAAAAAAAAAAAMYxEPhIKwAAAAQLUB9Kb3VybmFsIG9mIE5ldXJvcGh5c2kjNDBCNTEucGRmAAAAAAAAAAAAAAAAAAAAAAAAAAAAAAAAAAAAAAAAAAAABAtRxcsrUAAAAAAAAAAAAAQABQAACSAAAAAAAAAAAAAAAAAAAAAEUGFyawAQAAgAAMYw5sgAAAARAAgAAMXLDzAAAAABABgABAtQAAQLTQAEAMUAAu9OAALvNwAAeYkAAgBNUGxhdHRlOlVzZXJzOmRlZGFuOkRvY3VtZW50czpQYXBlcnM6MjAwNDpQYXJrOkpvdXJuYWwgb2YgTmV1cm9waHlzaSM0MEI1MS5wZGYAAA4AVgAqAEoAbwB1AHIAbgBhAGwAIABvAGYAIABOAGUAdQByAG8AcABoAHkAcwBpAG8AbABvAGcAeQAgADIAMAAwADQAIABQAGEAcgBrAC0AMQAuAHAAZABmAA8ADgAGAFAAbABhAHQAdABlABIAUVVzZXJzL2RlZGFuL0RvY3VtZW50cy9QYXBlcnMvMjAwNC9QYXJrL0pvdXJuYWwgb2YgTmV1cm9waHlzaW9sb2d5IDIwMDQgUGFyay0xLnBkZgAAEwABLwAAFQACAAz//wAAgAXSHB0eH1gkY2xhc3Nlc1okY2xhc3NuYW1lox8gIV1OU011dGFibGVEYXRhVk5TRGF0YVhOU09iamVjdF8QUS4uLy4uLy4uLy4uL0RvY3VtZW50cy9QYXBlcnMvMjAwNC9QYXJrL0pvdXJuYWwgb2YgTmV1cm9waHlzaW9sb2d5IDIwMDQgUGFyay0xLnBkZtIcHSQloiUhXE5TRGljdGlvbmFyeRIAAYagXxAPTlNLZXllZEFyY2hpdmVyAAgAEQAWAB8AKAAyADUAOgA8AEUASwBSAF0AZQBsAG8AcQBzAHYAeAB6AHwAhgCTAJgAoAKaApwCoQKqArUCuQLHAs4C1wMrAzADMwNAA0UAAAAAAAACAQAAAAAAAAAoAAAAAAAAAAAAAAAAAAADVw==},
	Bdsk-Url-1 = {http://jn.physiology.org/cgi/content/full/92/5/2968},
	Bdsk-Url-2 = {http://dx.doi.org/10.1152/jn.00649.2003}}

@article{AdAvella:2005p2330,
	Abstract = {[HTML]},
	Author = {Ad'Avella and E Bizzi},
	Date-Added = {2009-02-09 15:43:23 +0100},
	Date-Modified = {2009-02-23 11:25:07 +0100},
	Journal = {Proceedings of the National Academy of Sciences},
	Local-Url = {file://localhost/Users/dedan/Documents/Papers/2005/Ad'Avella/Proceedings%20of%20the%20National%20Academy%20of%20Sciences%202005%20Ad'Avella.pdf},
	Month = {Dec},
	Pmid = {9569298524555911184},
	Rating = {0},
	Read = {Yes},
	Title = {Shared and specific muscle synergies in natural motor behaviors},
	Uri = {papers://4E5C2F71-798B-4BA5-8F23-7DF5981E424E/Paper/p2330},
	Url = {http://www.pnas.org/cgi/content/abstract/102/8/3076},
	Year = {2005},
	Bdsk-File-1 = {YnBsaXN0MDDUAQIDBAUIJidUJHRvcFgkb2JqZWN0c1gkdmVyc2lvblkkYXJjaGl2ZXLRBgdUcm9vdIABqAkKFRYXGyIjVSRudWxs0wsMDQ4RFFpOUy5vYmplY3RzV05TLmtleXNWJGNsYXNzog8QgASABqISE4ACgAOAB1lhbGlhc0RhdGFccmVsYXRpdmVQYXRo0hgNGRpXTlMuZGF0YU8RAkwAAAAAAkwAAgAABlBsYXR0ZQAAAAAAAAAAAAAAAAAAAAAAAAAAAMYxEPhIKwAAAAQLXh9Qcm9jZWVkaW5ncyBvZiB0aGUgTmEjNDBCNUYucGRmAAAAAAAAAAAAAAAAAAAAAAAAAAAAAAAAAAAAAAAAAAAABAtfxbYNqgAAAAAAAAAAAAQABQAACSAAAAAAAAAAAAAAAAAAAAAJQWQnQXZlbGxhAAAQAAgAAMYw5sgAAAARAAgAAMW18YoAAAABABgABAteAAQLXQAEAMUAAu9OAALvNwAAeYkAAgBSUGxhdHRlOlVzZXJzOmRlZGFuOkRvY3VtZW50czpQYXBlcnM6MjAwNTpBZCdBdmVsbGE6UHJvY2VlZGluZ3Mgb2YgdGhlIE5hIzQwQjVGLnBkZgAOAIYAQgBQAHIAbwBjAGUAZQBkAGkAbgBnAHMAIABvAGYAIAB0AGgAZQAgAE4AYQB0AGkAbwBuAGEAbAAgAEEAYwBhAGQAZQBtAHkAIABvAGYAIABTAGMAaQBlAG4AYwBlAHMAIAAyADAAMAA1ACAAQQBkACcAQQB2AGUAbABsAGEALgBwAGQAZgAPAA4ABgBQAGwAYQB0AHQAZQASAG5Vc2Vycy9kZWRhbi9Eb2N1bWVudHMvUGFwZXJzLzIwMDUvQWQnQXZlbGxhL1Byb2NlZWRpbmdzIG9mIHRoZSBOYXRpb25hbCBBY2FkZW15IG9mIFNjaWVuY2VzIDIwMDUgQWQnQXZlbGxhLnBkZgATAAEvAAAVAAIADP//AACABdIcHR4fWCRjbGFzc2VzWiRjbGFzc25hbWWjHyAhXU5TTXV0YWJsZURhdGFWTlNEYXRhWE5TT2JqZWN0XxBuLi4vLi4vLi4vLi4vRG9jdW1lbnRzL1BhcGVycy8yMDA1L0FkJ0F2ZWxsYS9Qcm9jZWVkaW5ncyBvZiB0aGUgTmF0aW9uYWwgQWNhZGVteSBvZiBTY2llbmNlcyAyMDA1IEFkJ0F2ZWxsYS5wZGbSHB0kJaIlIVxOU0RpY3Rpb25hcnkSAAGGoF8QD05TS2V5ZWRBcmNoaXZlcgAIABEAFgAfACgAMgA1ADoAPABFAEsAUgBdAGUAbABvAHEAcwB2AHgAegB8AIYAkwCYAKAC8ALyAvcDAAMLAw8DHQMkAy0DngOjA6YDswO4AAAAAAAAAgEAAAAAAAAAKAAAAAAAAAAAAAAAAAAAA8o=},
	Bdsk-Url-1 = {http://www.pnas.org/cgi/content/abstract/102/8/3076}}

@article{Merkle:1998p3780,
	Author = {LA Merkle and CS Layne and JJ Bloomberg and JJ Zhang},
	Date-Added = {2009-09-10 16:58:40 +0200},
	Date-Modified = {2009-09-10 17:02:16 +0200},
	Journal = {Journal of neuroscience methods},
	Local-Url = {file://localhost/Users/dedan/Documents/Papers/1998/Merkle/Journal%20of%20neuroscience%20methods%201998%20Merkle.pdf},
	Number = {2},
	Pages = {207--214},
	Pmid = {5349770036658588142related:7kkQCYEzPkoJ},
	Rating = {0},
	Read = {Yes},
	Title = {Using factor analysis to identify neuromuscular synergies during treadmill walking},
	Uri = {papers://4E5C2F71-798B-4BA5-8F23-7DF5981E424E/Paper/p3780},
	Volume = {82},
	Year = {1998},
	Bdsk-File-1 = {YnBsaXN0MDDUAQIDBAUIJidUJHRvcFgkb2JqZWN0c1gkdmVyc2lvblkkYXJjaGl2ZXLRBgdUcm9vdIABqAkKFRYXGyIjVSRudWxs0wsMDQ4RFFpOUy5vYmplY3RzV05TLmtleXNWJGNsYXNzog8QgASABqISE4ACgAOAB1lhbGlhc0RhdGFccmVsYXRpdmVQYXRo0hgNGRpXTlMuZGF0YU8RAgoAAAAAAgoAAgAABlBsYXR0ZQAAAAAAAAAAAAAAAAAAAAAAAAAAAMYxEPhIKwAAACyfMh9Kb3VybmFsIG9mIG5ldXJvc2NpZSMyQzlEQ0UucGRmAAAAAAAAAAAAAAAAAAAAAAAAAAAAAAAAAAAAAAAAAAAALJ3Oxs7uDwAAAAAAAAAAAAQABQAACSAAAAAAAAAAAAAAAAAAAAAGTWVya2xlABAACAAAxjDmyAAAABEACAAAxs7D3wAAAAEAGAAsnzIALJ6/AAQAxQAC704AAu83AAB5iQACAE9QbGF0dGU6VXNlcnM6ZGVkYW46RG9jdW1lbnRzOlBhcGVyczoxOTk4Ok1lcmtsZTpKb3VybmFsIG9mIG5ldXJvc2NpZSMyQzlEQ0UucGRmAAAOAGAALwBKAG8AdQByAG4AYQBsACAAbwBmACAAbgBlAHUAcgBvAHMAYwBpAGUAbgBjAGUAIABtAGUAdABoAG8AZABzACAAMQA5ADkAOAAgAE0AZQByAGsAbABlAC4AcABkAGYADwAOAAYAUABsAGEAdAB0AGUAEgBYVXNlcnMvZGVkYW4vRG9jdW1lbnRzL1BhcGVycy8xOTk4L01lcmtsZS9Kb3VybmFsIG9mIG5ldXJvc2NpZW5jZSBtZXRob2RzIDE5OTggTWVya2xlLnBkZgATAAEvAAAVAAIADP//AACABdIcHR4fWCRjbGFzc2VzWiRjbGFzc25hbWWjHyAhXU5TTXV0YWJsZURhdGFWTlNEYXRhWE5TT2JqZWN0XxBYLi4vLi4vLi4vLi4vRG9jdW1lbnRzL1BhcGVycy8xOTk4L01lcmtsZS9Kb3VybmFsIG9mIG5ldXJvc2NpZW5jZSBtZXRob2RzIDE5OTggTWVya2xlLnBkZtIcHSQloiUhXE5TRGljdGlvbmFyeRIAAYagXxAPTlNLZXllZEFyY2hpdmVyAAgAEQAWAB8AKAAyADUAOgA8AEUASwBSAF0AZQBsAG8AcQBzAHYAeAB6AHwAhgCTAJgAoAKuArACtQK+AskCzQLbAuIC6wNGA0sDTgNbA2AAAAAAAAACAQAAAAAAAAAoAAAAAAAAAAAAAAAAAAADcg==}}

@article{Kilner:2002p2941,
	Abstract = {Pairs of discharges of single motor units recorded in the same or different muscles often show synchronisation above chance levels. If large numbers of units are synchronous within and between muscles then the synchrony will be measurable in population recordings such as surface EMG. Measuring synchrony between surface EMG recordings has a number of practical and scientific advantages compared with single motor units recorded from intramuscular electrodes. However, the measurement of such synchrony in the time domain between surface EMGs is complicated because the recordings are contaminated by electrical cross-talk. In this study we recorded surface EMG simultaneously from five hand and forearm muscles during a precision grip task. Using a novel 'blind signal separation' algorithm, we were able to remove electrical cross-talk. The cross-talk-corrected EMGs could then be used to assess task-dependent modulation in both oscillatory (15-30 Hz) and non-oscillatory synchrony (all other frequencies). In agreement with previous studies, the oscillatory component was maximal during steady holding but abolished during movement. By contrast, the non-oscillatory component of the EMG synchrony appeared remarkably constant throughout all phases of the task. We conclude that surface EMG recordings can be of considerable use in the assessment of population synchrony changes, providing that electrical cross-talk between nearby channels is removed using a statistical signal processing technique. Our results show a striking difference in the task-dependent modulation of oscillatory and non-oscillatory synchrony between muscles during a dynamic precision grip task.},
	Affiliation = {Sobell Department of Neurophysiology, Institute of Neurology, Queen Square, London WC1N 3BG, UK. kilner@nimbus.isc.cnrs.fr},
	Author = {J M Kilner and S N Baker and R N Lemon},
	Date-Added = {2009-02-25 11:10:45 +0100},
	Date-Modified = {2009-02-25 11:10:46 +0100},
	Journal = {The Journal of Physiology},
	Keywords = {Electromyography, Male, Muscle: Skeletal, Motor Neurons, Forearm, Oscillometry, Reaction Time, Hand, Movement, Models: Biological, Humans, Female, Hand Strength, Algorithms, Adult},
	Language = {eng},
	Local-Url = {file://localhost/Users/dedan/Documents/Papers/2002/Kilner/The%20Journal%20of%20Physiology%202002%20Kilner-1.pdf},
	Month = {Jan},
	Number = {Pt 3},
	Pages = {919--30},
	Pii = {PHY_12950},
	Pmid = {11826175},
	Rating = {0},
	Read = {Yes},
	Title = {A novel algorithm to remove electrical cross-talk between surface EMG recordings and its application to the measurement of short-term synchronisation in humans},
	Uri = {papers://4E5C2F71-798B-4BA5-8F23-7DF5981E424E/Paper/p2941},
	Url = {http://jp.physoc.org/cgi/content/full/538/3/919},
	Volume = {538},
	Year = {2002},
	Bdsk-File-1 = {YnBsaXN0MDDUAQIDBAUIJidUJHRvcFgkb2JqZWN0c1gkdmVyc2lvblkkYXJjaGl2ZXLRBgdUcm9vdIABqAkKFRYXGyIjVSRudWxs0wsMDQ4RFFpOUy5vYmplY3RzV05TLmtleXNWJGNsYXNzog8QgASABqISE4ACgAOAB1lhbGlhc0RhdGFccmVsYXRpdmVQYXRo0hgNGRpXTlMuZGF0YU8RAf4AAAAAAf4AAgAABlBsYXR0ZQAAAAAAAAAAAAAAAAAAAAAAAAAAAMYxEPhIKwAAAAQLPh9UaGUgSm91cm5hbCBvZiBQaHlzaW8jNDBCM0YucGRmAAAAAAAAAAAAAAAAAAAAAAAAAAAAAAAAAAAAAAAAAAAABAs/xcrlxAAAAAAAAAAAAAQABQAACSAAAAAAAAAAAAAAAAAAAAAGS2lsbmVyABAACAAAxjDmyAAAABEACAAAxcrJpAAAAAEAGAAECz4ABAs6AAQAxQAC704AAu83AAB5iQACAE9QbGF0dGU6VXNlcnM6ZGVkYW46RG9jdW1lbnRzOlBhcGVyczoyMDAyOktpbG5lcjpUaGUgSm91cm5hbCBvZiBQaHlzaW8jNDBCM0YucGRmAAAOAFgAKwBUAGgAZQAgAEoAbwB1AHIAbgBhAGwAIABvAGYAIABQAGgAeQBzAGkAbwBsAG8AZwB5ACAAMgAwADAAMgAgAEsAaQBsAG4AZQByAC0AMQAuAHAAZABmAA8ADgAGAFAAbABhAHQAdABlABIAVFVzZXJzL2RlZGFuL0RvY3VtZW50cy9QYXBlcnMvMjAwMi9LaWxuZXIvVGhlIEpvdXJuYWwgb2YgUGh5c2lvbG9neSAyMDAyIEtpbG5lci0xLnBkZgATAAEvAAAVAAIADP//AACABdIcHR4fWCRjbGFzc2VzWiRjbGFzc25hbWWjHyAhXU5TTXV0YWJsZURhdGFWTlNEYXRhWE5TT2JqZWN0XxBULi4vLi4vLi4vLi4vRG9jdW1lbnRzL1BhcGVycy8yMDAyL0tpbG5lci9UaGUgSm91cm5hbCBvZiBQaHlzaW9sb2d5IDIwMDIgS2lsbmVyLTEucGRm0hwdJCWiJSFcTlNEaWN0aW9uYXJ5EgABhqBfEA9OU0tleWVkQXJjaGl2ZXIACAARABYAHwAoADIANQA6ADwARQBLAFIAXQBlAGwAbwBxAHMAdgB4AHoAfACGAJMAmACgAqICpAKpArICvQLBAs8C1gLfAzYDOwM+A0sDUAAAAAAAAAIBAAAAAAAAACgAAAAAAAAAAAAAAAAAAANi},
	Bdsk-Url-1 = {http://jp.physoc.org/cgi/content/full/538/3/919}}

@article{Hubel:1959p3833,
	Abstract = { Page 3. DH  AND TN  location of units in the striate cortex and physiological findings will not be dealt with in this paper. },
	Author = {D Hubel and T Wiesel},
	Date-Added = {2009-09-10 18:19:29 +0200},
	Date-Modified = {2009-09-10 18:19:29 +0200},
	Journal = {The Journal of Physiology},
	Local-Url = {file://localhost/Users/dedan/Documents/Papers/1959/Hubel/The%20Journal%20of%20Physiology%201959%20Hubel-1.pdf},
	Month = {Jan},
	Pmid = {14169978926294982504related:aF-V-MHgpcQJ},
	Rating = {0},
	Title = {Receptive fields of single neurones in the cat's striate cortex},
	Uri = {papers://4E5C2F71-798B-4BA5-8F23-7DF5981E424E/Paper/p3833},
	Url = {http://jp.physoc.org/cgi/reprint/148/3/574},
	Year = {1959},
	Bdsk-File-1 = {YnBsaXN0MDDUAQIDBAUIJidUJHRvcFgkb2JqZWN0c1gkdmVyc2lvblkkYXJjaGl2ZXLRBgdUcm9vdIABqAkKFRYXGyIjVSRudWxs0wsMDQ4RFFpOUy5vYmplY3RzV05TLmtleXNWJGNsYXNzog8QgASABqISE4ACgAOAB1lhbGlhc0RhdGFccmVsYXRpdmVQYXRo0hgNGRpXTlMuZGF0YU8RAfgAAAAAAfgAAgAABlBsYXR0ZQAAAAAAAAAAAAAAAAAAAAAAAAAAAMYxEPhIKwAAACykrx9UaGUgSm91cm5hbCBvZiBQaHlzaSMyQ0E0QjAucGRmAAAAAAAAAAAAAAAAAAAAAAAAAAAAAAAAAAAAAAAAAAAALKSwxs8BwQAAAAAAAAAAAAQABQAACSAAAAAAAAAAAAAAAAAAAAAFSHViZWwAABAACAAAxjDmyAAAABEACAAAxs7XkQAAAAEAGAAspK8ALKSuAAQAxQAC704AAu83AAB5iQACAE5QbGF0dGU6VXNlcnM6ZGVkYW46RG9jdW1lbnRzOlBhcGVyczoxOTU5Okh1YmVsOlRoZSBKb3VybmFsIG9mIFBoeXNpIzJDQTRCMC5wZGYADgBWACoAVABoAGUAIABKAG8AdQByAG4AYQBsACAAbwBmACAAUABoAHkAcwBpAG8AbABvAGcAeQAgADEAOQA1ADkAIABIAHUAYgBlAGwALQAxAC4AcABkAGYADwAOAAYAUABsAGEAdAB0AGUAEgBSVXNlcnMvZGVkYW4vRG9jdW1lbnRzL1BhcGVycy8xOTU5L0h1YmVsL1RoZSBKb3VybmFsIG9mIFBoeXNpb2xvZ3kgMTk1OSBIdWJlbC0xLnBkZgATAAEvAAAVAAIADP//AACABdIcHR4fWCRjbGFzc2VzWiRjbGFzc25hbWWjHyAhXU5TTXV0YWJsZURhdGFWTlNEYXRhWE5TT2JqZWN0XxBSLi4vLi4vLi4vLi4vRG9jdW1lbnRzL1BhcGVycy8xOTU5L0h1YmVsL1RoZSBKb3VybmFsIG9mIFBoeXNpb2xvZ3kgMTk1OSBIdWJlbC0xLnBkZtIcHSQloiUhXE5TRGljdGlvbmFyeRIAAYagXxAPTlNLZXllZEFyY2hpdmVyAAgAEQAWAB8AKAAyADUAOgA8AEUASwBSAF0AZQBsAG8AcQBzAHYAeAB6AHwAhgCTAJgAoAKcAp4CowKsArcCuwLJAtAC2QMuAzMDNgNDA0gAAAAAAAACAQAAAAAAAAAoAAAAAAAAAAAAAAAAAAADWg==},
	Bdsk-Url-1 = {http://jp.physoc.org/cgi/reprint/148/3/574}}

@article{Lee:1999p1635,
	Abstract = {Title:       -   . Authors: Lee, Daniel D.; Seung, H. Sebastian. Publication },
	Author = {D Lee and H Seung},
	Date-Added = {2008-11-12 21:39:55 +0100},
	Date-Modified = {2009-09-02 20:29:37 +0200},
	Journal = {Nature},
	Local-Url = {file://localhost/Users/dedan/Documents/Papers/1999/Lee/Nature%201999%20Lee.pdf},
	Month = {Dec},
	Pmid = {2178030775302211551},
	Rating = {0},
	Read = {Yes},
	Title = {Learning the parts of objects by non-negative matrix factorization},
	Uri = {papers://4E5C2F71-798B-4BA5-8F23-7DF5981E424E/Paper/p1635},
	Url = {http://adsabs.harvard.edu/abs/1999Natur.401..788L},
	Year = {1999},
	Bdsk-File-1 = {YnBsaXN0MDDUAQIDBAUIJidUJHRvcFgkb2JqZWN0c1gkdmVyc2lvblkkYXJjaGl2ZXLRBgdUcm9vdIABqAkKFRYXGyIjVSRudWxs0wsMDQ4RFFpOUy5vYmplY3RzV05TLmtleXNWJGNsYXNzog8QgASABqISE4ACgAOAB1lhbGlhc0RhdGFccmVsYXRpdmVQYXRo0hgNGRpXTlMuZGF0YU8RAaIAAAAAAaIAAgAABlBsYXR0ZQAAAAAAAAAAAAAAAAAAAAAAAAAAAMYxEPhIKwAAAAQLKxNOYXR1cmUgMTk5OSBMZWUucGRmAAAAAAAAAAAAAAAAAAAAAAAAAAAAAAAAAAAAAAAAAAAAAAAAAAAAAAAAAAAABAssxUELTgAAAAAAAAAAAAQABQAACSAAAAAAAAAAAAAAAAAAAAADTGVlAAAQAAgAAMYw5sgAAAARAAgAAMVA7y4AAAABABgABAsrAAQLKgAEAMUAAu9OAALvNwAAeYkAAgBAUGxhdHRlOlVzZXJzOmRlZGFuOkRvY3VtZW50czpQYXBlcnM6MTk5OTpMZWU6TmF0dXJlIDE5OTkgTGVlLnBkZgAOACgAEwBOAGEAdAB1AHIAZQAgADEAOQA5ADkAIABMAGUAZQAuAHAAZABmAA8ADgAGAFAAbABhAHQAdABlABIAOVVzZXJzL2RlZGFuL0RvY3VtZW50cy9QYXBlcnMvMTk5OS9MZWUvTmF0dXJlIDE5OTkgTGVlLnBkZgAAEwABLwAAFQACAAz//wAAgAXSHB0eH1gkY2xhc3Nlc1okY2xhc3NuYW1lox8gIV1OU011dGFibGVEYXRhVk5TRGF0YVhOU09iamVjdF8QOS4uLy4uLy4uLy4uL0RvY3VtZW50cy9QYXBlcnMvMTk5OS9MZWUvTmF0dXJlIDE5OTkgTGVlLnBkZtIcHSQloiUhXE5TRGljdGlvbmFyeRIAAYagXxAPTlNLZXllZEFyY2hpdmVyAAgAEQAWAB8AKAAyADUAOgA8AEUASwBSAF0AZQBsAG8AcQBzAHYAeAB6AHwAhgCTAJgAoAJGAkgCTQJWAmECZQJzAnoCgwK/AsQCxwLUAtkAAAAAAAACAQAAAAAAAAAoAAAAAAAAAAAAAAAAAAAC6w==},
	Bdsk-Url-1 = {http://adsabs.harvard.edu/abs/1999Natur.401..788L}}

@article{Tresch:1999p3783,
	Author = {MC Tresch and P Saltiel and E Bizzi},
	Date-Added = {2009-09-10 16:58:42 +0200},
	Date-Modified = {2009-09-10 17:00:02 +0200},
	Journal = {Nature Neuroscience},
	Local-Url = {file://localhost/Users/dedan/Documents/Papers/1999/Tresch/Nature%20Neuroscience%201999%20Tresch.pdf},
	Number = {2},
	Pages = {162--167},
	Pmid = {13377874444372845808related:8KSemu3Bp7kJ},
	Rating = {0},
	Read = {Yes},
	Title = {The construction of movement by the spinal cord},
	Uri = {papers://4E5C2F71-798B-4BA5-8F23-7DF5981E424E/Paper/p3783},
	Volume = {2},
	Year = {1999},
	Bdsk-File-1 = {YnBsaXN0MDDUAQIDBAUIJidUJHRvcFgkb2JqZWN0c1gkdmVyc2lvblkkYXJjaGl2ZXLRBgdUcm9vdIABqAkKFRYXGyIjVSRudWxs0wsMDQ4RFFpOUy5vYmplY3RzV05TLmtleXNWJGNsYXNzog8QgASABqISE4ACgAOAB1lhbGlhc0RhdGFccmVsYXRpdmVQYXRo0hgNGRpXTlMuZGF0YU8RAeYAAAAAAeYAAgAABlBsYXR0ZQAAAAAAAAAAAAAAAAAAAAAAAAAAAMYxEPhIKwAAACye3R9OYXR1cmUgTmV1cm9zY2llbmNlICMyQzlERjQucGRmAAAAAAAAAAAAAAAAAAAAAAAAAAAAAAAAAAAAAAAAAAAALJ30xs7uJQAAAAAAAAAAAAQABQAACSAAAAAAAAAAAAAAAAAAAAAGVHJlc2NoABAACAAAxjDmyAAAABEACAAAxs7D9QAAAAEAGAAsnt0ABAsqAAQAxQAC704AAu83AAB5iQACAE9QbGF0dGU6VXNlcnM6ZGVkYW46RG9jdW1lbnRzOlBhcGVyczoxOTk5OlRyZXNjaDpOYXR1cmUgTmV1cm9zY2llbmNlICMyQzlERjQucGRmAAAOAEgAIwBOAGEAdAB1AHIAZQAgAE4AZQB1AHIAbwBzAGMAaQBlAG4AYwBlACAAMQA5ADkAOQAgAFQAcgBlAHMAYwBoAC4AcABkAGYADwAOAAYAUABsAGEAdAB0AGUAEgBMVXNlcnMvZGVkYW4vRG9jdW1lbnRzL1BhcGVycy8xOTk5L1RyZXNjaC9OYXR1cmUgTmV1cm9zY2llbmNlIDE5OTkgVHJlc2NoLnBkZgATAAEvAAAVAAIADP//AACABdIcHR4fWCRjbGFzc2VzWiRjbGFzc25hbWWjHyAhXU5TTXV0YWJsZURhdGFWTlNEYXRhWE5TT2JqZWN0XxBMLi4vLi4vLi4vLi4vRG9jdW1lbnRzL1BhcGVycy8xOTk5L1RyZXNjaC9OYXR1cmUgTmV1cm9zY2llbmNlIDE5OTkgVHJlc2NoLnBkZtIcHSQloiUhXE5TRGljdGlvbmFyeRIAAYagXxAPTlNLZXllZEFyY2hpdmVyAAgAEQAWAB8AKAAyADUAOgA8AEUASwBSAF0AZQBsAG8AcQBzAHYAeAB6AHwAhgCTAJgAoAKKAowCkQKaAqUCqQK3Ar4CxwMWAxsDHgMrAzAAAAAAAAACAQAAAAAAAAAoAAAAAAAAAAAAAAAAAAADQg==}}

@article{Davella:2003p3784,
	Author = {Andrea D'avella and Philippe Saltiel and Emilio Bizzi},
	Date-Added = {2009-09-10 16:58:35 +0200},
	Date-Modified = {2009-09-10 16:58:43 +0200},
	Doi = {10.1038/nn1010},
	Journal = {Nature Neuroscience},
	Local-Url = {file://localhost/Users/dedan/Documents/Papers/2003/D'avella/Nature%20Neuroscience%202003%20D'avella.pdf},
	Month = {Mar},
	Number = {3},
	Pages = {300--308},
	Rating = {0},
	Read = {Yes},
	Title = {Combinations of muscle synergies in the construction of a natural motor behavior},
	Uri = {papers://4E5C2F71-798B-4BA5-8F23-7DF5981E424E/Paper/p3784},
	Volume = {6},
	Year = {2003},
	Bdsk-File-1 = {YnBsaXN0MDDUAQIDBAUIJidUJHRvcFgkb2JqZWN0c1gkdmVyc2lvblkkYXJjaGl2ZXLRBgdUcm9vdIABqAkKFRYXGyIjVSRudWxs0wsMDQ4RFFpOUy5vYmplY3RzV05TLmtleXNWJGNsYXNzog8QgASABqISE4ACgAOAB1lhbGlhc0RhdGFccmVsYXRpdmVQYXRo0hgNGRpXTlMuZGF0YU8RAfIAAAAAAfIAAgAABlBsYXR0ZQAAAAAAAAAAAAAAAAAAAAAAAAAAAMYxEPhIKwAAACyesx9OYXR1cmUgTmV1cm9zY2llbmNlICMyQzlERjgucGRmAAAAAAAAAAAAAAAAAAAAAAAAAAAAAAAAAAAAAAAAAAAALJ34xs7uJQAAAAAAAAAAAAQABQAACSAAAAAAAAAAAAAAAAAAAAAIRCdhdmVsbGEAEAAIAADGMObIAAAAEQAIAADGzsP1AAAAAQAYACyeswAEC0YABADFAALvTgAC7zcAAHmJAAIAUVBsYXR0ZTpVc2VyczpkZWRhbjpEb2N1bWVudHM6UGFwZXJzOjIwMDM6RCdhdmVsbGE6TmF0dXJlIE5ldXJvc2NpZW5jZSAjMkM5REY4LnBkZgAADgBMACUATgBhAHQAdQByAGUAIABOAGUAdQByAG8AcwBjAGkAZQBuAGMAZQAgADIAMAAwADMAIABEACcAYQB2AGUAbABsAGEALgBwAGQAZgAPAA4ABgBQAGwAYQB0AHQAZQASAFBVc2Vycy9kZWRhbi9Eb2N1bWVudHMvUGFwZXJzLzIwMDMvRCdhdmVsbGEvTmF0dXJlIE5ldXJvc2NpZW5jZSAyMDAzIEQnYXZlbGxhLnBkZgATAAEvAAAVAAIADP//AACABdIcHR4fWCRjbGFzc2VzWiRjbGFzc25hbWWjHyAhXU5TTXV0YWJsZURhdGFWTlNEYXRhWE5TT2JqZWN0XxBQLi4vLi4vLi4vLi4vRG9jdW1lbnRzL1BhcGVycy8yMDAzL0QnYXZlbGxhL05hdHVyZSBOZXVyb3NjaWVuY2UgMjAwMyBEJ2F2ZWxsYS5wZGbSHB0kJaIlIVxOU0RpY3Rpb25hcnkSAAGGoF8QD05TS2V5ZWRBcmNoaXZlcgAIABEAFgAfACgAMgA1ADoAPABFAEsAUgBdAGUAbABvAHEAcwB2AHgAegB8AIYAkwCYAKAClgKYAp0CpgKxArUCwwLKAtMDJgMrAy4DOwNAAAAAAAAAAgEAAAAAAAAAKAAAAAAAAAAAAAAAAAAAA1I=},
	Bdsk-Url-1 = {http://dx.doi.org/10.1038/nn1010}}

@article{Weiss:2004p3782,
	Author = {E. J Weiss},
	Date-Added = {2009-09-10 16:58:43 +0200},
	Date-Modified = {2009-09-10 16:58:43 +0200},
	Doi = {10.1152/jn.01265.2003},
	Journal = {Journal of Neurophysiology},
	Local-Url = {file://localhost/Users/dedan/Documents/Papers/2004/Weiss/Journal%20of%20Neurophysiology%202004%20Weiss.pdf},
	Month = {Mar},
	Number = {1},
	Pages = {523--535},
	Rating = {0},
	Read = {Yes},
	Title = {Muscular and Postural Synergies of the Human Hand},
	Uri = {papers://4E5C2F71-798B-4BA5-8F23-7DF5981E424E/Paper/p3782},
	Volume = {92},
	Year = {2004},
	Bdsk-File-1 = {YnBsaXN0MDDUAQIDBAUIJidUJHRvcFgkb2JqZWN0c1gkdmVyc2lvblkkYXJjaGl2ZXLRBgdUcm9vdIABqAkKFRYXGyIjVSRudWxs0wsMDQ4RFFpOUy5vYmplY3RzV05TLmtleXNWJGNsYXNzog8QgASABqISE4ACgAOAB1lhbGlhc0RhdGFccmVsYXRpdmVQYXRo0hgNGRpXTlMuZGF0YU8RAfYAAAAAAfYAAgAABlBsYXR0ZQAAAAAAAAAAAAAAAAAAAAAAAAAAAMYxEPhIKwAAACyeyx9Kb3VybmFsIG9mIE5ldXJvcGh5cyMyQzlERkQucGRmAAAAAAAAAAAAAAAAAAAAAAAAAAAAAAAAAAAAAAAAAAAALJ39xs7uJgAAAAAAAAAAAAQABQAACSAAAAAAAAAAAAAAAAAAAAAFV2Vpc3MAABAACAAAxjDmyAAAABEACAAAxs7D9gAAAAEAGAAsnssABAtNAAQAxQAC704AAu83AAB5iQACAE5QbGF0dGU6VXNlcnM6ZGVkYW46RG9jdW1lbnRzOlBhcGVyczoyMDA0OldlaXNzOkpvdXJuYWwgb2YgTmV1cm9waHlzIzJDOURGRC5wZGYADgBUACkASgBvAHUAcgBuAGEAbAAgAG8AZgAgAE4AZQB1AHIAbwBwAGgAeQBzAGkAbwBsAG8AZwB5ACAAMgAwADAANAAgAFcAZQBpAHMAcwAuAHAAZABmAA8ADgAGAFAAbABhAHQAdABlABIAUVVzZXJzL2RlZGFuL0RvY3VtZW50cy9QYXBlcnMvMjAwNC9XZWlzcy9Kb3VybmFsIG9mIE5ldXJvcGh5c2lvbG9neSAyMDA0IFdlaXNzLnBkZgAAEwABLwAAFQACAAz//wAAgAXSHB0eH1gkY2xhc3Nlc1okY2xhc3NuYW1lox8gIV1OU011dGFibGVEYXRhVk5TRGF0YVhOU09iamVjdF8QUS4uLy4uLy4uLy4uL0RvY3VtZW50cy9QYXBlcnMvMjAwNC9XZWlzcy9Kb3VybmFsIG9mIE5ldXJvcGh5c2lvbG9neSAyMDA0IFdlaXNzLnBkZtIcHSQloiUhXE5TRGljdGlvbmFyeRIAAYagXxAPTlNLZXllZEFyY2hpdmVyAAgAEQAWAB8AKAAyADUAOgA8AEUASwBSAF0AZQBsAG8AcQBzAHYAeAB6AHwAhgCTAJgAoAKaApwCoQKqArUCuQLHAs4C1wMrAzADMwNAA0UAAAAAAAACAQAAAAAAAAAoAAAAAAAAAAAAAAAAAAADVw==},
	Bdsk-Url-1 = {http://dx.doi.org/10.1152/jn.01265.2003}}

@article{Yanai:2007p2455,
	Abstract = {[HTML]},
	Author = {Y Yanai and N Adamit and R Harel and Z Israel and Y Prut},
	Date-Added = {2009-02-09 15:54:19 +0100},
	Date-Modified = {2009-02-23 11:25:07 +0100},
	Journal = {Journal of Neuroscience},
	Local-Url = {file://localhost/Users/dedan/Documents/Papers/2007/Yanai/Journal%20of%20Neuroscience%202007%20Yanai.pdf},
	Month = {Dec},
	Pmid = {5740219658297174655},
	Rating = {0},
	Read = {Yes},
	Title = {Connected Corticospinal Sites Show Enhanced Tuning Similarity at the Onset of Voluntary Action},
	Uri = {papers://4E5C2F71-798B-4BA5-8F23-7DF5981E424E/Paper/p2455},
	Url = {http://www.jneurosci.org/cgi/content/abstract/27/45/12349},
	Year = {2007},
	Bdsk-File-1 = {YnBsaXN0MDDUAQIDBAUIJidUJHRvcFgkb2JqZWN0c1gkdmVyc2lvblkkYXJjaGl2ZXLRBgdUcm9vdIABqAkKFRYXGyIjVSRudWxs0wsMDQ4RFFpOUy5vYmplY3RzV05TLmtleXNWJGNsYXNzog8QgASABqISE4ACgAOAB1lhbGlhc0RhdGFccmVsYXRpdmVQYXRo0hgNGRpXTlMuZGF0YU8RAewAAAAAAewAAgAABlBsYXR0ZQAAAAAAAAAAAAAAAAAAAAAAAAAAAMYxEPhIKwAAAAQLfx9Kb3VybmFsIG9mIE5ldXJvc2NpZW4jNDBCODAucGRmAAAAAAAAAAAAAAAAAAAAAAAAAAAAAAAAAAAAAAAAAAAABAuAxbYQOgAAAAAAAAAAAAQABQAACSAAAAAAAAAAAAAAAAAAAAAFWWFuYWkAABAACAAAxjDmyAAAABEACAAAxbX0GgAAAAEAGAAEC38ABAtyAAQAxQAC704AAu83AAB5iQACAE5QbGF0dGU6VXNlcnM6ZGVkYW46RG9jdW1lbnRzOlBhcGVyczoyMDA3OllhbmFpOkpvdXJuYWwgb2YgTmV1cm9zY2llbiM0MEI4MC5wZGYADgBOACYASgBvAHUAcgBuAGEAbAAgAG8AZgAgAE4AZQB1AHIAbwBzAGMAaQBlAG4AYwBlACAAMgAwADAANwAgAFkAYQBuAGEAaQAuAHAAZABmAA8ADgAGAFAAbABhAHQAdABlABIATlVzZXJzL2RlZGFuL0RvY3VtZW50cy9QYXBlcnMvMjAwNy9ZYW5haS9Kb3VybmFsIG9mIE5ldXJvc2NpZW5jZSAyMDA3IFlhbmFpLnBkZgATAAEvAAAVAAIADP//AACABdIcHR4fWCRjbGFzc2VzWiRjbGFzc25hbWWjHyAhXU5TTXV0YWJsZURhdGFWTlNEYXRhWE5TT2JqZWN0XxBOLi4vLi4vLi4vLi4vRG9jdW1lbnRzL1BhcGVycy8yMDA3L1lhbmFpL0pvdXJuYWwgb2YgTmV1cm9zY2llbmNlIDIwMDcgWWFuYWkucGRm0hwdJCWiJSFcTlNEaWN0aW9uYXJ5EgABhqBfEA9OU0tleWVkQXJjaGl2ZXIACAARABYAHwAoADIANQA6ADwARQBLAFIAXQBlAGwAbwBxAHMAdgB4AHoAfACGAJMAmACgApACkgKXAqACqwKvAr0CxALNAx4DIwMmAzMDOAAAAAAAAAIBAAAAAAAAACgAAAAAAAAAAAAAAAAAAANK},
	Bdsk-Url-1 = {http://www.jneurosci.org/cgi/content/abstract/27/45/12349}}

@article{Tehovnik:1996p3982,
	Abstract = {This review yields numerous conclusions. (1) Both unit recording and behavioral studies find that current activates neurons (ie, cell bodies and axons) directly according to the square of the distance between the electrode and the },
	Author = {E Tehovnik},
	Date-Added = {2009-09-11 15:05:23 +0200},
	Date-Modified = {2009-09-11 15:05:23 +0200},
	Journal = {Journal of neuroscience methods},
	Local-Url = {file://localhost/Users/dedan/Documents/Papers/1996/Tehovnik/Journal%20of%20neuroscience%20methods%201996%20Tehovnik.pdf},
	Month = {Jan},
	Pmid = {10541938757642179374related:LlMvTXJ9TJIJ},
	Rating = {0},
	Title = {Electrical stimulation of neural tissue to evoke behavioral responses},
	Uri = {papers://4E5C2F71-798B-4BA5-8F23-7DF5981E424E/Paper/p3982},
	Url = {http://linkinghub.elsevier.com/retrieve/pii/016502709500131X},
	Year = {1996},
	Bdsk-File-1 = {YnBsaXN0MDDUAQIDBAUIJidUJHRvcFgkb2JqZWN0c1gkdmVyc2lvblkkYXJjaGl2ZXLRBgdUcm9vdIABqAkKFRYXGyIjVSRudWxs0wsMDQ4RFFpOUy5vYmplY3RzV05TLmtleXNWJGNsYXNzog8QgASABqISE4ACgAOAB1lhbGlhc0RhdGFccmVsYXRpdmVQYXRo0hgNGRpXTlMuZGF0YU8RAhYAAAAAAhYAAgAABlBsYXR0ZQAAAAAAAAAAAAAAAAAAAAAAAAAAAMYxEPhIKwAAACz+4B9Kb3VybmFsIG9mIG5ldXJvc2NpZSMyQ0ZFRTEucGRmAAAAAAAAAAAAAAAAAAAAAAAAAAAAAAAAAAAAAAAAAAAALP7hxtAlwgAAAAAAAAAAAAQABQAACSAAAAAAAAAAAAAAAAAAAAAIVGVob3ZuaWsAEAAIAADGMObIAAAAEQAIAADGz/uSAAAAAQAYACz+4AAECyQABADFAALvTgAC7zcAAHmJAAIAUVBsYXR0ZTpVc2VyczpkZWRhbjpEb2N1bWVudHM6UGFwZXJzOjE5OTY6VGVob3ZuaWs6Sm91cm5hbCBvZiBuZXVyb3NjaWUjMkNGRUUxLnBkZgAADgBkADEASgBvAHUAcgBuAGEAbAAgAG8AZgAgAG4AZQB1AHIAbwBzAGMAaQBlAG4AYwBlACAAbQBlAHQAaABvAGQAcwAgADEAOQA5ADYAIABUAGUAaABvAHYAbgBpAGsALgBwAGQAZgAPAA4ABgBQAGwAYQB0AHQAZQASAFxVc2Vycy9kZWRhbi9Eb2N1bWVudHMvUGFwZXJzLzE5OTYvVGVob3ZuaWsvSm91cm5hbCBvZiBuZXVyb3NjaWVuY2UgbWV0aG9kcyAxOTk2IFRlaG92bmlrLnBkZgATAAEvAAAVAAIADP//AACABdIcHR4fWCRjbGFzc2VzWiRjbGFzc25hbWWjHyAhXU5TTXV0YWJsZURhdGFWTlNEYXRhWE5TT2JqZWN0XxBcLi4vLi4vLi4vLi4vRG9jdW1lbnRzL1BhcGVycy8xOTk2L1RlaG92bmlrL0pvdXJuYWwgb2YgbmV1cm9zY2llbmNlIG1ldGhvZHMgMTk5NiBUZWhvdm5pay5wZGbSHB0kJaIlIVxOU0RpY3Rpb25hcnkSAAGGoF8QD05TS2V5ZWRBcmNoaXZlcgAIABEAFgAfACgAMgA1ADoAPABFAEsAUgBdAGUAbABvAHEAcwB2AHgAegB8AIYAkwCYAKACugK8AsECygLVAtkC5wLuAvcDVgNbA14DawNwAAAAAAAAAgEAAAAAAAAAKAAAAAAAAAAAAAAAAAAAA4I=},
	Bdsk-Url-1 = {http://linkinghub.elsevier.com/retrieve/pii/016502709500131X}}

@article{Georgopoulos:1982p4165,
	Abstract = {The activity of single cells in the motor cortex was recorded while monkeys made arm movements in eight directions (at 45 degrees intervals) in a two-dimensional apparatus. These movements started from the same point and were of the same amplitude. The activity of 606 cells related to proximal arm movements was examined in the task; 323 of the 606 cells were active in that task and were studied in detail. The frequency of discharge of 241 of the 323 cells (74.6%) varied in an orderly fashion with the direction of movement. Discharge was most intense with movements in a preferred direction and was reduced gradually when movements were made in directions farther and farther away from the preferred one. This resulted in a bell-shaped directional tuning curve. These relations were observed for cell discharge during the reaction time, the movement time, and the period that preceded the earliest changes in the electromyographic activity (approximately 80 msec before movement onset). In about 75% of the 241 directionally tuned cells, the frequency of discharge, D, was a sinusoidal function of the direction of movement, theta: D = b0 + b1 sin theta + b2cos theta, or, in terms of the preferred direction, theta 0: D = b0 + c1cos (theta - theta0), where b0, b1, b2, and c1 are regression coefficients. Preferred directions differed for different cells so that the tuning curves partially overlapped. The orderly variation of cell discharge with the direction of movement and the fact that cells related to only one of the eight directions of movement tested were rarely observed indicate that movements in a particular direction are not subserved by motor cortical cells uniquely related to that movement. It is suggested, instead, that a movement trajectory in a desired direction might be generated by the cooperation of cells with overlapping tuning curves. The nature of this hypothetical population code for movement direction remains to be elucidated.},
	Author = {A P Georgopoulos and J F Kalaska and R Caminiti and J T Massey},
	Date-Added = {2009-09-12 22:59:13 +0200},
	Date-Modified = {2009-09-12 22:59:14 +0200},
	Journal = {J Neurosci},
	Keywords = {Neurons, Animals, Arm, Macaca mulatta, Male, Electromyography, Motor Cortex, Movement, Biomechanics},
	Language = {eng},
	Local-Url = {file://localhost/Users/dedan/Documents/Papers/1982/Georgopoulos/J%20Neurosci%201982%20Georgopoulos.pdf},
	Month = {Nov},
	Number = {11},
	Pages = {1527--37},
	Pmid = {7143039},
	Rating = {0},
	Read = {Yes},
	Title = {On the relations between the direction of two-dimensional arm movements and cell discharge in primate motor cortex},
	Uri = {papers://4E5C2F71-798B-4BA5-8F23-7DF5981E424E/Paper/p4165},
	Url = {http://www.jneurosci.org/cgi/reprint/2/11/1527},
	Volume = {2},
	Year = {1982},
	Bdsk-File-1 = {YnBsaXN0MDDUAQIDBAUIJidUJHRvcFgkb2JqZWN0c1gkdmVyc2lvblkkYXJjaGl2ZXLRBgdUcm9vdIABqAkKFRYXGyIjVSRudWxs0wsMDQ4RFFpOUy5vYmplY3RzV05TLmtleXNWJGNsYXNzog8QgASABqISE4ACgAOAB1lhbGlhc0RhdGFccmVsYXRpdmVQYXRo0hgNGRpXTlMuZGF0YU8RAfAAAAAAAfAAAgAABlBsYXR0ZQAAAAAAAAAAAAAAAAAAAAAAAAAAAMYxEPhIKwAAAC2mnR9KIE5ldXJvc2NpIDE5ODIgR2VvciMyREE2OUUucGRmAAAAAAAAAAAAAAAAAAAAAAAAAAAAAAAAAAAAAAAAAAAALaaextHmUQAAAAAAAAAAAAQABQAACSAAAAAAAAAAAAAAAAAAAAAMR2VvcmdvcG91bG9zABAACAAAxjDmyAAAABEACAAAxtG8IQAAAAEAGAAtpp0ALaacAAQAxQAC704AAu83AAB5iQACAFVQbGF0dGU6VXNlcnM6ZGVkYW46RG9jdW1lbnRzOlBhcGVyczoxOTgyOkdlb3Jnb3BvdWxvczpKIE5ldXJvc2NpIDE5ODIgR2VvciMyREE2OUUucGRmAAAOAEIAIABKACAATgBlAHUAcgBvAHMAYwBpACAAMQA5ADgAMgAgAEcAZQBvAHIAZwBvAHAAbwB1AGwAbwBzAC4AcABkAGYADwAOAAYAUABsAGEAdAB0AGUAEgBPVXNlcnMvZGVkYW4vRG9jdW1lbnRzL1BhcGVycy8xOTgyL0dlb3Jnb3BvdWxvcy9KIE5ldXJvc2NpIDE5ODIgR2VvcmdvcG91bG9zLnBkZgAAEwABLwAAFQACAAz//wAAgAXSHB0eH1gkY2xhc3Nlc1okY2xhc3NuYW1lox8gIV1OU011dGFibGVEYXRhVk5TRGF0YVhOU09iamVjdF8QTy4uLy4uLy4uLy4uL0RvY3VtZW50cy9QYXBlcnMvMTk4Mi9HZW9yZ29wb3Vsb3MvSiBOZXVyb3NjaSAxOTgyIEdlb3Jnb3BvdWxvcy5wZGbSHB0kJaIlIVxOU0RpY3Rpb25hcnkSAAGGoF8QD05TS2V5ZWRBcmNoaXZlcgAIABEAFgAfACgAMgA1ADoAPABFAEsAUgBdAGUAbABvAHEAcwB2AHgAegB8AIYAkwCYAKAClAKWApsCpAKvArMCwQLIAtEDIwMoAysDOAM9AAAAAAAAAgEAAAAAAAAAKAAAAAAAAAAAAAAAAAAAA08=},
	Bdsk-Url-1 = {http://www.jneurosci.org/cgi/reprint/2/11/1527}}

@article{Olshausen:1996p3611,
	Abstract = {The receptive fields of simple cells in mammalian primary visual cortex can be characterized as being spatially localized, oriented and bandpass (selective to structure at different spatial scales), comparable to the basis functions of wavelet transforms. One approach to understanding such response properties of visual neurons has been to consider their relationship to the statistical structure of natural images in terms of efficient coding. Along these lines, a number of studies have attempted to train unsupervised learning algorithms on natural images in the hope of developing receptive fields with similar properties, but none has succeeded in producing a full set that spans the image space and contains all three of the above properties. Here we investigate the proposal that a coding strategy that maximizes sparseness is sufficient to account for these properties. We show that a learning algorithm that attempts to find sparse linear codes for natural scenes will develop a complete family of localized, oriented, bandpass receptive fields, similar to those found in the primary visual cortex. The resulting sparse image code provides a more efficient representation for later stages of processing because it possesses a higher degree of statistical independence among its outputs.},
	Affiliation = {Department of Psychology, Cornell University, Ithaca, New York 14853, USA. bruno@ai.mit.edu},
	Author = {B A Olshausen and D J Field},
	Date-Added = {2009-09-10 10:33:51 +0200},
	Date-Modified = {2009-09-10 10:34:14 +0200},
	Doi = {10.1038/381607a0},
	Journal = {Nature},
	Keywords = {Neurons, Visual Cortex, Models: Neurological, Algorithms, Learning, Vision: Ocular},
	Language = {eng},
	Local-Url = {file://localhost/Users/dedan/Documents/Papers/1996/Olshausen/Nature%201996%20Olshausen.pdf},
	Month = {Jun},
	Number = {6583},
	Pages = {607--9},
	Pmid = {8637596},
	Rating = {0},
	Read = {Yes},
	Title = {Emergence of simple-cell receptive field properties by learning a sparse code for natural images},
	Uri = {papers://4E5C2F71-798B-4BA5-8F23-7DF5981E424E/Paper/p3611},
	Url = {http://www.nature.com/doifinder/10.1038/381607a0},
	Volume = {381},
	Year = {1996},
	Bdsk-File-1 = {YnBsaXN0MDDUAQIDBAUIJidUJHRvcFgkb2JqZWN0c1gkdmVyc2lvblkkYXJjaGl2ZXLRBgdUcm9vdIABqAkKFRYXGyIjVSRudWxs0wsMDQ4RFFpOUy5vYmplY3RzV05TLmtleXNWJGNsYXNzog8QgASABqISE4ACgAOAB1lhbGlhc0RhdGFccmVsYXRpdmVQYXRo0hgNGRpXTlMuZGF0YU8RAcwAAAAAAcwAAgAABlBsYXR0ZQAAAAAAAAAAAAAAAAAAAAAAAAAAAMYxEPhIKwAAACyAGxlOYXR1cmUgMTk5NiBPbHNoYXVzZW4ucGRmAAAAAAAAAAAAAAAAAAAAAAAAAAAAAAAAAAAAAAAAAAAAAAAAAAAALIAPxs6VrgAAAAAAAAAAAAQABQAACSAAAAAAAAAAAAAAAAAAAAAJT2xzaGF1c2VuAAAQAAgAAMYw5sgAAAARAAgAAMbOa34AAAABABgALIAbAAQLJAAEAMUAAu9OAALvNwAAeYkAAgBMUGxhdHRlOlVzZXJzOmRlZGFuOkRvY3VtZW50czpQYXBlcnM6MTk5NjpPbHNoYXVzZW46TmF0dXJlIDE5OTYgT2xzaGF1c2VuLnBkZgAOADQAGQBOAGEAdAB1AHIAZQAgADEAOQA5ADYAIABPAGwAcwBoAGEAdQBzAGUAbgAuAHAAZABmAA8ADgAGAFAAbABhAHQAdABlABIARVVzZXJzL2RlZGFuL0RvY3VtZW50cy9QYXBlcnMvMTk5Ni9PbHNoYXVzZW4vTmF0dXJlIDE5OTYgT2xzaGF1c2VuLnBkZgAAEwABLwAAFQACAAz//wAAgAXSHB0eH1gkY2xhc3Nlc1okY2xhc3NuYW1lox8gIV1OU011dGFibGVEYXRhVk5TRGF0YVhOU09iamVjdF8QRS4uLy4uLy4uLy4uL0RvY3VtZW50cy9QYXBlcnMvMTk5Ni9PbHNoYXVzZW4vTmF0dXJlIDE5OTYgT2xzaGF1c2VuLnBkZtIcHSQloiUhXE5TRGljdGlvbmFyeRIAAYagXxAPTlNLZXllZEFyY2hpdmVyAAgAEQAWAB8AKAAyADUAOgA8AEUASwBSAF0AZQBsAG8AcQBzAHYAeAB6AHwAhgCTAJgAoAJwAnICdwKAAosCjwKdAqQCrQL1AvoC/QMKAw8AAAAAAAACAQAAAAAAAAAoAAAAAAAAAAAAAAAAAAADIQ==},
	Bdsk-Url-1 = {http://www.nature.com/doifinder/10.1038/381607a0},
	Bdsk-Url-2 = {http://dx.doi.org/10.1038/381607a0}}

@article{Cheung:2005p3778,
	Author = {VCK Cheung and A d'Avella and MC Tresch and E Bizzi},
	Date-Added = {2009-09-10 16:57:07 +0200},
	Date-Modified = {2009-09-10 16:58:02 +0200},
	Journal = {Journal of Neuroscience},
	Local-Url = {file://localhost/Users/dedan/Documents/Papers/2005/Cheung/Journal%20of%20Neuroscience%202005%20Cheung.pdf},
	Number = {27},
	Pages = {6419--6434},
	Pmid = {2230666537402285483related:q702rmXr9B4J},
	Rating = {0},
	Read = {Yes},
	Title = {Central and sensory contributions to the activation and organization of muscle synergies during natural motor behaviors},
	Uri = {papers://4E5C2F71-798B-4BA5-8F23-7DF5981E424E/Paper/p3778},
	Volume = {25},
	Year = {2005},
	Bdsk-File-1 = {YnBsaXN0MDDUAQIDBAUIJidUJHRvcFgkb2JqZWN0c1gkdmVyc2lvblkkYXJjaGl2ZXLRBgdUcm9vdIABqAkKFRYXGyIjVSRudWxs0wsMDQ4RFFpOUy5vYmplY3RzV05TLmtleXNWJGNsYXNzog8QgASABqISE4ACgAOAB1lhbGlhc0RhdGFccmVsYXRpdmVQYXRo0hgNGRpXTlMuZGF0YU8RAfIAAAAAAfIAAgAABlBsYXR0ZQAAAAAAAAAAAAAAAAAAAAAAAAAAAMYxEPhIKwAAACyemx9Kb3VybmFsIG9mIE5ldXJvc2NpZSMyQzlERTcucGRmAAAAAAAAAAAAAAAAAAAAAAAAAAAAAAAAAAAAAAAAAAAALJ3nxs7uIQAAAAAAAAAAAAQABQAACSAAAAAAAAAAAAAAAAAAAAAGQ2hldW5nABAACAAAxjDmyAAAABEACAAAxs7D8QAAAAEAGAAsnpsABAtdAAQAxQAC704AAu83AAB5iQACAE9QbGF0dGU6VXNlcnM6ZGVkYW46RG9jdW1lbnRzOlBhcGVyczoyMDA1OkNoZXVuZzpKb3VybmFsIG9mIE5ldXJvc2NpZSMyQzlERTcucGRmAAAOAFAAJwBKAG8AdQByAG4AYQBsACAAbwBmACAATgBlAHUAcgBvAHMAYwBpAGUAbgBjAGUAIAAyADAAMAA1ACAAQwBoAGUAdQBuAGcALgBwAGQAZgAPAA4ABgBQAGwAYQB0AHQAZQASAFBVc2Vycy9kZWRhbi9Eb2N1bWVudHMvUGFwZXJzLzIwMDUvQ2hldW5nL0pvdXJuYWwgb2YgTmV1cm9zY2llbmNlIDIwMDUgQ2hldW5nLnBkZgATAAEvAAAVAAIADP//AACABdIcHR4fWCRjbGFzc2VzWiRjbGFzc25hbWWjHyAhXU5TTXV0YWJsZURhdGFWTlNEYXRhWE5TT2JqZWN0XxBQLi4vLi4vLi4vLi4vRG9jdW1lbnRzL1BhcGVycy8yMDA1L0NoZXVuZy9Kb3VybmFsIG9mIE5ldXJvc2NpZW5jZSAyMDA1IENoZXVuZy5wZGbSHB0kJaIlIVxOU0RpY3Rpb25hcnkSAAGGoF8QD05TS2V5ZWRBcmNoaXZlcgAIABEAFgAfACgAMgA1ADoAPABFAEsAUgBdAGUAbABvAHEAcwB2AHgAegB8AIYAkwCYAKAClgKYAp0CpgKxArUCwwLKAtMDJgMrAy4DOwNAAAAAAAAAAgEAAAAAAAAAKAAAAAAAAAAAAAAAAAAAA1I=}}

@article{Krishnamoorthy:2003p3787,
	Author = {Vijaya Krishnamoorthy and Simon Goodman and Vladimir Zatsiorsky and Mark L Latash},
	Date-Added = {2009-09-10 16:58:40 +0200},
	Date-Modified = {2009-09-10 16:58:43 +0200},
	Doi = {10.1007/s00422-003-0419-5},
	Journal = {Biological Cybernetics},
	Local-Url = {file://localhost/Users/dedan/Documents/Papers/2003/Krishnamoorthy/Biological%20Cybernetics%202003%20Krishnamoorthy.pdf},
	Month = {Aug},
	Number = {2},
	Pages = {152--161},
	Pii = {DLNRLHD6FMD0Y4KV},
	Rating = {0},
	Read = {Yes},
	Title = {Muscle synergies during shifts of the center of pressure by standing persons: identification of muscle modes},
	Uri = {papers://4E5C2F71-798B-4BA5-8F23-7DF5981E424E/Paper/p3787},
	Volume = {89},
	Year = {2003},
	Bdsk-File-1 = {YnBsaXN0MDDUAQIDBAUIJidUJHRvcFgkb2JqZWN0c1gkdmVyc2lvblkkYXJjaGl2ZXLRBgdUcm9vdIABqAkKFRYXGyIjVSRudWxs0wsMDQ4RFFpOUy5vYmplY3RzV05TLmtleXNWJGNsYXNzog8QgASABqISE4ACgAOAB1lhbGlhc0RhdGFccmVsYXRpdmVQYXRo0hgNGRpXTlMuZGF0YU8RAiAAAAAAAiAAAgAABlBsYXR0ZQAAAAAAAAAAAAAAAAAAAAAAAAAAAMYxEPhIKwAAACyevB9CaW9sb2dpY2FsIEN5YmVybmV0aSMyQzlEQ0EucGRmAAAAAAAAAAAAAAAAAAAAAAAAAAAAAAAAAAAAAAAAAAAALJ3Kxs7uDwAAAAAAAAAAAAQABQAACSAAAAAAAAAAAAAAAAAAAAAOS3Jpc2huYW1vb3J0aHkAEAAIAADGMObIAAAAEQAIAADGzsPfAAAAAQAYACyevAAEC0YABADFAALvTgAC7zcAAHmJAAIAV1BsYXR0ZTpVc2VyczpkZWRhbjpEb2N1bWVudHM6UGFwZXJzOjIwMDM6S3Jpc2huYW1vb3J0aHk6QmlvbG9naWNhbCBDeWJlcm5ldGkjMkM5RENBLnBkZgAADgBeAC4AQgBpAG8AbABvAGcAaQBjAGEAbAAgAEMAeQBiAGUAcgBuAGUAdABpAGMAcwAgADIAMAAwADMAIABLAHIAaQBzAGgAbgBhAG0AbwBvAHIAdABoAHkALgBwAGQAZgAPAA4ABgBQAGwAYQB0AHQAZQASAF9Vc2Vycy9kZWRhbi9Eb2N1bWVudHMvUGFwZXJzLzIwMDMvS3Jpc2huYW1vb3J0aHkvQmlvbG9naWNhbCBDeWJlcm5ldGljcyAyMDAzIEtyaXNobmFtb29ydGh5LnBkZgAAEwABLwAAFQACAAz//wAAgAXSHB0eH1gkY2xhc3Nlc1okY2xhc3NuYW1lox8gIV1OU011dGFibGVEYXRhVk5TRGF0YVhOU09iamVjdF8QXy4uLy4uLy4uLy4uL0RvY3VtZW50cy9QYXBlcnMvMjAwMy9LcmlzaG5hbW9vcnRoeS9CaW9sb2dpY2FsIEN5YmVybmV0aWNzIDIwMDMgS3Jpc2huYW1vb3J0aHkucGRm0hwdJCWiJSFcTlNEaWN0aW9uYXJ5EgABhqBfEA9OU0tleWVkQXJjaGl2ZXIACAARABYAHwAoADIANQA6ADwARQBLAFIAXQBlAGwAbwBxAHMAdgB4AHoAfACGAJMAmACgAsQCxgLLAtQC3wLjAvEC+AMBA2MDaANrA3gDfQAAAAAAAAIBAAAAAAAAACgAAAAAAAAAAAAAAAAAAAOP},
	Bdsk-Url-1 = {http://dx.doi.org/10.1007/s00422-003-0419-5}}

@article{Tresch:2006p3766,
	Abstract = { were recorded during withdrawal reflexes in spinalized frogs ( et al.  synergies, using a variant of the nonnegative   (NMF) algorithm },
	Author = {M Tresch and V Cheung and A d'Avella},
	Date-Added = {2009-09-10 14:40:53 +0200},
	Date-Modified = {2009-09-10 14:40:53 +0200},
	Journal = {Journal of Neurophysiology},
	Local-Url = {file://localhost/Users/dedan/Documents/Papers/2006/Tresch/Journal%20of%20Neurophysiology%202006%20Tresch-1.pdf},
	Month = {Jan},
	Pmid = {13764569309051966579related:c1RJ2NuSBb8J},
	Rating = {0},
	Title = {Matrix factorization algorithms for the identification of muscle synergies: evaluation on {\ldots}},
	Uri = {papers://4E5C2F71-798B-4BA5-8F23-7DF5981E424E/Paper/p3766},
	Url = {http://jn.physiology.org/cgi/content/abstract/95/4/2199},
	Year = {2006},
	Bdsk-File-1 = {YnBsaXN0MDDUAQIDBAUIJidUJHRvcFgkb2JqZWN0c1gkdmVyc2lvblkkYXJjaGl2ZXLRBgdUcm9vdIABqAkKFRYXGyIjVSRudWxs0wsMDQ4RFFpOUy5vYmplY3RzV05TLmtleXNWJGNsYXNzog8QgASABqISE4ACgAOAB1lhbGlhc0RhdGFccmVsYXRpdmVQYXRo0hgNGRpXTlMuZGF0YU8RAgIAAAAAAgIAAgAABlBsYXR0ZQAAAAAAAAAAAAAAAAAAAAAAAAAAAMYxEPhIKwAAAAQLax9Kb3VybmFsIG9mIE5ldXJvcGh5cyMyQzhFRDcucGRmAAAAAAAAAAAAAAAAAAAAAAAAAAAAAAAAAAAAAAAAAAAALI7Xxs7OlQAAAAAAAAAAAAQABQAACSAAAAAAAAAAAAAAAAAAAAAGVHJlc2NoABAACAAAxjDmyAAAABEACAAAxs6kZQAAAAEAGAAEC2sABAtmAAQAxQAC704AAu83AAB5iQACAE9QbGF0dGU6VXNlcnM6ZGVkYW46RG9jdW1lbnRzOlBhcGVyczoyMDA2OlRyZXNjaDpKb3VybmFsIG9mIE5ldXJvcGh5cyMyQzhFRDcucGRmAAAOAFoALABKAG8AdQByAG4AYQBsACAAbwBmACAATgBlAHUAcgBvAHAAaAB5AHMAaQBvAGwAbwBnAHkAIAAyADAAMAA2ACAAVAByAGUAcwBjAGgALQAxAC4AcABkAGYADwAOAAYAUABsAGEAdAB0AGUAEgBVVXNlcnMvZGVkYW4vRG9jdW1lbnRzL1BhcGVycy8yMDA2L1RyZXNjaC9Kb3VybmFsIG9mIE5ldXJvcGh5c2lvbG9neSAyMDA2IFRyZXNjaC0xLnBkZgAAEwABLwAAFQACAAz//wAAgAXSHB0eH1gkY2xhc3Nlc1okY2xhc3NuYW1lox8gIV1OU011dGFibGVEYXRhVk5TRGF0YVhOU09iamVjdF8QVS4uLy4uLy4uLy4uL0RvY3VtZW50cy9QYXBlcnMvMjAwNi9UcmVzY2gvSm91cm5hbCBvZiBOZXVyb3BoeXNpb2xvZ3kgMjAwNiBUcmVzY2gtMS5wZGbSHB0kJaIlIVxOU0RpY3Rpb25hcnkSAAGGoF8QD05TS2V5ZWRBcmNoaXZlcgAIABEAFgAfACgAMgA1ADoAPABFAEsAUgBdAGUAbABvAHEAcwB2AHgAegB8AIYAkwCYAKACpgKoAq0CtgLBAsUC0wLaAuMDOwNAA0MDUANVAAAAAAAAAgEAAAAAAAAAKAAAAAAAAAAAAAAAAAAAA2c=},
	Bdsk-Url-1 = {http://jn.physiology.org/cgi/content/abstract/95/4/2199}}

@article{Ivanenko:2003p3779,
	Author = {Y. P Ivanenko},
	Date-Added = {2009-09-10 16:58:38 +0200},
	Date-Modified = {2009-09-10 16:58:43 +0200},
	Doi = {10.1113/jphysiol.2003.057174},
	Journal = {The Journal of Physiology},
	Local-Url = {file://localhost/Users/dedan/Documents/Papers/2003/Ivanenko/The%20Journal%20of%20Physiology%202003%20Ivanenko.pdf},
	Month = {Nov},
	Number = {1},
	Pages = {267--282},
	Rating = {0},
	Read = {Yes},
	Title = {Five basic muscle activation patterns account for muscle activity during human locomotion},
	Uri = {papers://4E5C2F71-798B-4BA5-8F23-7DF5981E424E/Paper/p3779},
	Volume = {556},
	Year = {2003},
	Bdsk-File-1 = {YnBsaXN0MDDUAQIDBAUIJidUJHRvcFgkb2JqZWN0c1gkdmVyc2lvblkkYXJjaGl2ZXLRBgdUcm9vdIABqAkKFRYXGyIjVSRudWxs0wsMDQ4RFFpOUy5vYmplY3RzV05TLmtleXNWJGNsYXNzog8QgASABqISE4ACgAOAB1lhbGlhc0RhdGFccmVsYXRpdmVQYXRo0hgNGRpXTlMuZGF0YU8RAgQAAAAAAgQAAgAABlBsYXR0ZQAAAAAAAAAAAAAAAAAAAAAAAAAAAMYxEPhIKwAAACyeuR9UaGUgSm91cm5hbCBvZiBQaHlzaSMyQzlEREIucGRmAAAAAAAAAAAAAAAAAAAAAAAAAAAAAAAAAAAAAAAAAAAALJ3bxs7uFQAAAAAAAAAAAAQABQAACSAAAAAAAAAAAAAAAAAAAAAISXZhbmVua28AEAAIAADGMObIAAAAEQAIAADGzsPlAAAAAQAYACyeuQAEC0YABADFAALvTgAC7zcAAHmJAAIAUVBsYXR0ZTpVc2VyczpkZWRhbjpEb2N1bWVudHM6UGFwZXJzOjIwMDM6SXZhbmVua286VGhlIEpvdXJuYWwgb2YgUGh5c2kjMkM5RERCLnBkZgAADgBYACsAVABoAGUAIABKAG8AdQByAG4AYQBsACAAbwBmACAAUABoAHkAcwBpAG8AbABvAGcAeQAgADIAMAAwADMAIABJAHYAYQBuAGUAbgBrAG8ALgBwAGQAZgAPAA4ABgBQAGwAYQB0AHQAZQASAFZVc2Vycy9kZWRhbi9Eb2N1bWVudHMvUGFwZXJzLzIwMDMvSXZhbmVua28vVGhlIEpvdXJuYWwgb2YgUGh5c2lvbG9neSAyMDAzIEl2YW5lbmtvLnBkZgATAAEvAAAVAAIADP//AACABdIcHR4fWCRjbGFzc2VzWiRjbGFzc25hbWWjHyAhXU5TTXV0YWJsZURhdGFWTlNEYXRhWE5TT2JqZWN0XxBWLi4vLi4vLi4vLi4vRG9jdW1lbnRzL1BhcGVycy8yMDAzL0l2YW5lbmtvL1RoZSBKb3VybmFsIG9mIFBoeXNpb2xvZ3kgMjAwMyBJdmFuZW5rby5wZGbSHB0kJaIlIVxOU0RpY3Rpb25hcnkSAAGGoF8QD05TS2V5ZWRBcmNoaXZlcgAIABEAFgAfACgAMgA1ADoAPABFAEsAUgBdAGUAbABvAHEAcwB2AHgAegB8AIYAkwCYAKACqAKqAq8CuALDAscC1QLcAuUDPgNDA0YDUwNYAAAAAAAAAgEAAAAAAAAAKAAAAAAAAAAAAAAAAAAAA2o=},
	Bdsk-Url-1 = {http://dx.doi.org/10.1113/jphysiol.2003.057174}}

@article{Griffin:2009p2753,
	Abstract = {Stimulus-triggered averaging (StTA) of electromyographic (EMG) activity is a form of intracortical microstimulation that enables documentation in awake animals of the sign, magnitude, latency, and distribution of output effects from cortical and brainstem areas to motoneurons of different muscles. In this study, we show that the properties of effects in StTAs are stable and mostly independent of task conditions. StTAs of EMG activity from 24 forelimb muscles were collected from two male rhesus monkeys while they performed three tasks: (1) an isometric step tracking wrist task, (2) an isometric whole-arm push-pull task, and (3) a reach-to-grasp task. Layer V sites in primary motor cortex were identified and microstimuli were applied (15 muA) at a low rate (15 Hz). Our results show that the sign of effects (facilitation or suppression) in StTAs of EMG activity are remarkably stable in the presence of joint angle position changes (96% stable), whole-arm posture changes (97% stable), and across fundamentally different types of tasks such as arm push-pull versus reach-to-grasp (81% stable). Furthermore, comparing effects across different phases of a task also yielded remarkable stability (range, 84-96%). At different shoulder, elbow, and wrist angles, the magnitudes of effects in individual muscles were highly correlated. Our results demonstrate that M1 output effects obtained with StTA of EMG activity are highly stable across widely varying joint angles and motor tasks. This study further validates the use of StTA for mapping and other studies of cortical motor output.},
	Affiliation = {Department of Molecular and Integrative Physiology, University of Kansas Medical Center, Kansas City, Kansas 66160, USA.},
	Author = {Darcy M Griffin and Heather M Hudson and Abderraouf Belhaj-Sa{\"\i}f and Paul D Cheney},
	Date-Added = {2009-02-16 15:46:20 +0100},
	Date-Modified = {2009-09-02 20:30:03 +0200},
	Doi = {10.1523/JNEUROSCI.4831-08.2009},
	Journal = {J Neurosci},
	Language = {eng},
	Local-Url = {file://localhost/Users/dedan/Documents/Papers/2009/Griffin/J%20Neurosci%202009%20Griffin.pdf},
	Month = {Feb},
	Number = {6},
	Pages = {1915--27},
	Pii = {29/6/1915},
	Pmid = {19211898},
	Rating = {0},
	Read = {Yes},
	Title = {Stability of output effects from motor cortex to forelimb muscles in primates},
	Uri = {papers://4E5C2F71-798B-4BA5-8F23-7DF5981E424E/Paper/p2753},
	Url = {http://www.jneurosci.org/cgi/content/full/29/6/1915},
	Volume = {29},
	Year = {2009},
	Bdsk-File-1 = {YnBsaXN0MDDUAQIDBAUIJidUJHRvcFgkb2JqZWN0c1gkdmVyc2lvblkkYXJjaGl2ZXLRBgdUcm9vdIABqAkKFRYXGyIjVSRudWxs0wsMDQ4RFFpOUy5vYmplY3RzV05TLmtleXNWJGNsYXNzog8QgASABqISE4ACgAOAB1lhbGlhc0RhdGFccmVsYXRpdmVQYXRo0hgNGRpXTlMuZGF0YU8RAc4AAAAAAc4AAgAABlBsYXR0ZQAAAAAAAAAAAAAAAAAAAAAAAAAAAMYxEPhIKwAAAAQLqRtKIE5ldXJvc2NpIDIwMDkgR3JpZmZpbi5wZGYAAAAAAAAAAAAAAAAAAAAAAAAAAAAAAAAAAAAAAAAAAAAAAAAABAuqxb9I3AAAAAAAAAAAAAQABQAACSAAAAAAAAAAAAAAAAAAAAAHR3JpZmZpbgAAEAAIAADGMObIAAAAEQAIAADFvyy8AAAAAQAYAAQLqQAEC6gABADFAALvTgAC7zcAAHmJAAIATFBsYXR0ZTpVc2VyczpkZWRhbjpEb2N1bWVudHM6UGFwZXJzOjIwMDk6R3JpZmZpbjpKIE5ldXJvc2NpIDIwMDkgR3JpZmZpbi5wZGYADgA4ABsASgAgAE4AZQB1AHIAbwBzAGMAaQAgADIAMAAwADkAIABHAHIAaQBmAGYAaQBuAC4AcABkAGYADwAOAAYAUABsAGEAdAB0AGUAEgBFVXNlcnMvZGVkYW4vRG9jdW1lbnRzL1BhcGVycy8yMDA5L0dyaWZmaW4vSiBOZXVyb3NjaSAyMDA5IEdyaWZmaW4ucGRmAAATAAEvAAAVAAIADP//AACABdIcHR4fWCRjbGFzc2VzWiRjbGFzc25hbWWjHyAhXU5TTXV0YWJsZURhdGFWTlNEYXRhWE5TT2JqZWN0XxBFLi4vLi4vLi4vLi4vRG9jdW1lbnRzL1BhcGVycy8yMDA5L0dyaWZmaW4vSiBOZXVyb3NjaSAyMDA5IEdyaWZmaW4ucGRm0hwdJCWiJSFcTlNEaWN0aW9uYXJ5EgABhqBfEA9OU0tleWVkQXJjaGl2ZXIACAARABYAHwAoADIANQA6ADwARQBLAFIAXQBlAGwAbwBxAHMAdgB4AHoAfACGAJMAmACgAnICdAJ5AoICjQKRAp8CpgKvAvcC/AL/AwwDEQAAAAAAAAIBAAAAAAAAACgAAAAAAAAAAAAAAAAAAAMj},
	Bdsk-Url-1 = {http://www.jneurosci.org/cgi/content/full/29/6/1915},
	Bdsk-Url-2 = {http://dx.doi.org/10.1523/JNEUROSCI.4831-08.2009}}

@article{Yanai:2008p2539,
	Abstract = {It was suggested previously that the transformation of action to muscle-based coding is completed in the primary motor cortex (M1). This is consistent with a predominant direct pathway leading from M1 to motoneurons. Accordingly, spinal segmental interneurons that are located downstream to M1 are expected to show muscle-like coding properties. We addressed this hypothesis using simultaneous recording of cortical and spinal activity in primates performing an isometric wrist task with multiple targets and two hand postures. Here we show that while the motor cortex follows an intermediate coordinate frame, spinal interneurons already follow a muscle-like coordinate frame. We thus suggest that the final steps in coordinate transformation of motor commands take place downstream of M1 via corticospinal interactions.},
	Affiliation = {Department of Physiology and the Interdisciplinary Center for Neural Computation, Hadassah Medical School, The Hebrew University, Jerusalem 91120 Israel.},
	Author = {Yuval Yanai and Nofya Adamit and Zvi Israel and Ran Harel and Yifat Prut},
	Date-Added = {2009-02-10 12:58:46 +0100},
	Date-Modified = {2009-05-21 14:36:37 +0200},
	Doi = {10.1523/JNEUROSCI.4662-07.2008},
	Journal = {J Neurosci},
	Keywords = {Pronation, Electromyography, Supination, Macaca fascicularis, Motor Skills, Animals, Motor Cortex, Isometric Contraction, Wrist, Interneurons, Spinal Cord},
	Language = {eng},
	Local-Url = {file://localhost/Users/dedan/Documents/Papers/2008/Yanai/J%20Neurosci%202008%20Yanai.pdf},
	Month = {Feb},
	Number = {7},
	Pages = {1728--32},
	Pii = {28/7/1728},
	Pmid = {18272693},
	Rating = {0},
	Read = {Yes},
	Title = {Coordinate transformation is first completed downstream of primary motor cortex},
	Uri = {papers://4E5C2F71-798B-4BA5-8F23-7DF5981E424E/Paper/p2539},
	Url = {http://www.jneurosci.org/cgi/content/full/28/7/1728},
	Volume = {28},
	Year = {2008},
	Bdsk-File-1 = {YnBsaXN0MDDUAQIDBAUIJidUJHRvcFgkb2JqZWN0c1gkdmVyc2lvblkkYXJjaGl2ZXLRBgdUcm9vdIABqAkKFRYXGyIjVSRudWxs0wsMDQ4RFFpOUy5vYmplY3RzV05TLmtleXNWJGNsYXNzog8QgASABqISE4ACgAOAB1lhbGlhc0RhdGFccmVsYXRpdmVQYXRo0hgNGRpXTlMuZGF0YU8RAcAAAAAAAcAAAgAABlBsYXR0ZQAAAAAAAAAAAAAAAAAAAAAAAAAAAMYxEPhIKwAAAAQLpBlKIE5ldXJvc2NpIDIwMDggWWFuYWkucGRmAAAAAAAAAAAAAAAAAAAAAAAAAAAAAAAAAAAAAAAAAAAAAAAAAAAABAumxbc4lgAAAAAAAAAAAAQABQAACSAAAAAAAAAAAAAAAAAAAAAFWWFuYWkAABAACAAAxjDmyAAAABEACAAAxbccdgAAAAEAGAAEC6QABAuBAAQAxQAC704AAu83AAB5iQACAEhQbGF0dGU6VXNlcnM6ZGVkYW46RG9jdW1lbnRzOlBhcGVyczoyMDA4OllhbmFpOkogTmV1cm9zY2kgMjAwOCBZYW5haS5wZGYADgA0ABkASgAgAE4AZQB1AHIAbwBzAGMAaQAgADIAMAAwADgAIABZAGEAbgBhAGkALgBwAGQAZgAPAA4ABgBQAGwAYQB0AHQAZQASAEFVc2Vycy9kZWRhbi9Eb2N1bWVudHMvUGFwZXJzLzIwMDgvWWFuYWkvSiBOZXVyb3NjaSAyMDA4IFlhbmFpLnBkZgAAEwABLwAAFQACAAz//wAAgAXSHB0eH1gkY2xhc3Nlc1okY2xhc3NuYW1lox8gIV1OU011dGFibGVEYXRhVk5TRGF0YVhOU09iamVjdF8QQS4uLy4uLy4uLy4uL0RvY3VtZW50cy9QYXBlcnMvMjAwOC9ZYW5haS9KIE5ldXJvc2NpIDIwMDggWWFuYWkucGRm0hwdJCWiJSFcTlNEaWN0aW9uYXJ5EgABhqBfEA9OU0tleWVkQXJjaGl2ZXIACAARABYAHwAoADIANQA6ADwARQBLAFIAXQBlAGwAbwBxAHMAdgB4AHoAfACGAJMAmACgAmQCZgJrAnQCfwKDApECmAKhAuUC6gLtAvoC/wAAAAAAAAIBAAAAAAAAACgAAAAAAAAAAAAAAAAAAAMR},
	Bdsk-Url-1 = {http://www.jneurosci.org/cgi/content/full/28/7/1728},
	Bdsk-Url-2 = {http://dx.doi.org/10.1523/JNEUROSCI.4662-07.2008}}

@article{Lee:2001p1638,
	Author = {D Lee and H Seung},
	Date-Added = {2008-11-12 21:39:55 +0100},
	Date-Modified = {2009-02-23 11:25:07 +0100},
	Journal = {ADVANCES IN NEURAL INFORMATION PROCESSING SYSTEMS},
	Local-Url = {file://localhost/Users/dedan/Documents/Papers/2001/Lee/ADVANCES%20IN%20NEURAL%20INFORMATION%20PROCESSING%20SYSTEMS%202001%20Lee.pdf},
	Month = {Dec},
	Pmid = {5522085970636574655},
	Rating = {0},
	Read = {Yes},
	Title = {Algorithms for Non-negative Matrix Factorization},
	Uri = {papers://4E5C2F71-798B-4BA5-8F23-7DF5981E424E/Paper/p1638},
	Url = {http://www.public.asu.edu/~jye02/CLASSES/Fall-2007/NOTES/lee01algorithms.pdf},
	Year = {2001},
	Bdsk-File-1 = {YnBsaXN0MDDUAQIDBAUIJidUJHRvcFgkb2JqZWN0c1gkdmVyc2lvblkkYXJjaGl2ZXLRBgdUcm9vdIABqAkKFRYXGyIjVSRudWxs0wsMDQ4RFFpOUy5vYmplY3RzV05TLmtleXNWJGNsYXNzog8QgASABqISE4ACgAOAB1lhbGlhc0RhdGFccmVsYXRpdmVQYXRo0hgNGRpXTlMuZGF0YU8RAi4AAAAAAi4AAgAABlBsYXR0ZQAAAAAAAAAAAAAAAAAAAAAAAAAAAMYxEPhIKwAAAAQLNh9BRFZBTkNFUyBJTiBORVVSQUwgSU4jNDBCMzcucGRmAAAAAAAAAAAAAAAAAAAAAAAAAAAAAAAAAAAAAAAAAAAABAs3xUELTgAAAAAAAAAAAAQABQAACSAAAAAAAAAAAAAAAAAAAAADTGVlAAAQAAgAAMYw5sgAAAARAAgAAMVA7y4AAAABABgABAs2AAQLNQAEAMUAAu9OAALvNwAAeYkAAgBMUGxhdHRlOlVzZXJzOmRlZGFuOkRvY3VtZW50czpQYXBlcnM6MjAwMTpMZWU6QURWQU5DRVMgSU4gTkVVUkFMIElOIzQwQjM3LnBkZgAOAH4APgBBAEQAVgBBAE4AQwBFAFMAIABJAE4AIABOAEUAVQBSAEEATAAgAEkATgBGAE8AUgBNAEEAVABJAE8ATgAgAFAAUgBPAEMARQBTAFMASQBOAEcAIABTAFkAUwBUAEUATQBTACAAMgAwADAAMQAgAEwAZQBlAC4AcABkAGYADwAOAAYAUABsAGEAdAB0AGUAEgBkVXNlcnMvZGVkYW4vRG9jdW1lbnRzL1BhcGVycy8yMDAxL0xlZS9BRFZBTkNFUyBJTiBORVVSQUwgSU5GT1JNQVRJT04gUFJPQ0VTU0lORyBTWVNURU1TIDIwMDEgTGVlLnBkZgATAAEvAAAVAAIADP//AACABdIcHR4fWCRjbGFzc2VzWiRjbGFzc25hbWWjHyAhXU5TTXV0YWJsZURhdGFWTlNEYXRhWE5TT2JqZWN0XxBkLi4vLi4vLi4vLi4vRG9jdW1lbnRzL1BhcGVycy8yMDAxL0xlZS9BRFZBTkNFUyBJTiBORVVSQUwgSU5GT1JNQVRJT04gUFJPQ0VTU0lORyBTWVNURU1TIDIwMDEgTGVlLnBkZtIcHSQloiUhXE5TRGljdGlvbmFyeRIAAYagXxAPTlNLZXllZEFyY2hpdmVyAAgAEQAWAB8AKAAyADUAOgA8AEUASwBSAF0AZQBsAG8AcQBzAHYAeAB6AHwAhgCTAJgAoALSAtQC2QLiAu0C8QL/AwYDDwN2A3sDfgOLA5AAAAAAAAACAQAAAAAAAAAoAAAAAAAAAAAAAAAAAAADog==},
	Bdsk-Url-1 = {http://www.public.asu.edu/~jye02/CLASSES/Fall-2007/NOTES/lee01algorithms.pdf}}

@article{Prut:2003p2780,
	Abstract = {The firing properties of single spinal interneurons (INs) were studied in five awake, behaving monkeys performing isometric or auxotonic flexion-extension torques at the wrist. INs tended to fire tonically at rest (mean rate, 14 spikes (sp)/sec) and during generation of static torque (mean rate, 19 sp/sec in flexion, 24 sp/sec in extension). INs exhibited regular firing, with autocorrelation functions showing clear periodic features and a mean coefficient of variation of interspike intervals (CV) of 0.55 during production of static torque. For the population, there was an inverse correlation between CV and mean rate. However, 46% of the INs had task-dependent changes in regularity that were not predicted by changes in firing rate, suggesting that their firing pattern is determined not only by the intrinsic properties of the neurons but also by the properties of its synaptic inputs. INs showed two main response types to passive wrist displacement: biphasic and coactivation. Cells with these sensory responses had different, stereotypical temporal activity profiles and firing regularity during active movement. However, INs having correlational linkages with forearm muscles, identified as features in spike-triggered averages of electromyographic activity, did not exhibit unique responses or firing properties, although they tended to fire more regularly than other INs. This suggests the lack of a precise mapping of inputs to outputs for the spinal premotor network.},
	Affiliation = {The Hebrew University, Hadassah Medical School, Jerusalem 91120, Israel. yifat@md.huji.ac.il},
	Author = {Yifat Prut and Steve I Perlmutter},
	Date-Added = {2009-02-25 13:59:13 +0100},
	Date-Modified = {2009-02-25 13:59:13 +0100},
	Journal = {J Neurosci},
	Keywords = {Animals, Motor Activity, Macaca nemestrina, Periodicity, Muscle: Skeletal, Hand, Wakefulness, Action Potentials, Behavior: Animal, Wrist, Interneurons, Spinal Cord},
	Language = {eng},
	Month = {Oct},
	Number = {29},
	Pages = {9600--10},
	Pii = {23/29/9600},
	Pmid = {14573540},
	Rating = {0},
	Title = {Firing properties of spinal interneurons during voluntary movement. I. State-dependent regularity of firing},
	Uri = {papers://4E5C2F71-798B-4BA5-8F23-7DF5981E424E/Paper/p2780},
	Url = {http://www.jneurosci.org/cgi/content/full/23/29/9600},
	Volume = {23},
	Year = {2003},
	Bdsk-Url-1 = {http://www.jneurosci.org/cgi/content/full/23/29/9600}}

@article{Chan:1995p3040,
	Abstract = {The separation of independent sources from mixed observed data is a fundamental and challenging problem. In many practical situations, observations may be modelled as linear mixtures of a number of source signals, i.e. a linear multi-input multi-outp.....},
	Author = {D Chan and P Rayner and S Godsill},
	Date-Added = {2009-02-25 14:14:22 +0100},
	Date-Modified = {2009-02-25 14:14:22 +0100},
	Doi = {10.1109/ASPAA.1995.482980},
	Journal = {Applications of Signal Processing to Audio and Acoustics, 1995., IEEE ASSP Workshop on},
	Local-Url = {file://localhost/Users/dedan/Documents/Papers/1995/Chan/Applications%20of%20Signal%20Processing%20to%20Audio%20and%20Acoustics%201995.%20IEEE%20ASSP%20Workshop%20on%201995%20Chan.pdf},
	Month = {Sep},
	Pages = {155 -- 158},
	Pmid = {482980@ieeecnfs},
	Rating = {0},
	Title = {Multi-channel blind signal separation by decorrelation},
	Uri = {papers://4E5C2F71-798B-4BA5-8F23-7DF5981E424E/Paper/p3040},
	Url = {http://ieeexplore.ieee.org/search/srchabstract.jsp?arnumber=482980&isnumber=10326&punumber=3495&k2dockey=482980@ieeecnfs},
	Year = {1995},
	Bdsk-File-1 = {YnBsaXN0MDDUAQIDBAUIJidUJHRvcFgkb2JqZWN0c1gkdmVyc2lvblkkYXJjaGl2ZXLRBgdUcm9vdIABqAkKFRYXGyIjVSRudWxs0wsMDQ4RFFpOUy5vYmplY3RzV05TLmtleXNWJGNsYXNzog8QgASABqISE4ACgAOAB1lhbGlhc0RhdGFccmVsYXRpdmVQYXRo0hgNGRpXTlMuZGF0YU8RAp4AAAAAAp4AAgAABlBsYXR0ZQAAAAAAAAAAAAAAAAAAAAAAAAAAAMYxEPhIKwAAAAQLIh9BcHBsaWNhdGlvbnMgb2YgU2lnbmEjNDBCMjMucGRmAAAAAAAAAAAAAAAAAAAAAAAAAAAAAAAAAAAAAAAAAAAABAsjxcsQzgAAAAAAAAAAAAQABQAACSAAAAAAAAAAAAAAAAAAAAAEQ2hhbgAQAAgAAMYw5sgAAAARAAgAAMXK9K4AAAABABgABAsiAAQLIQAEAMUAAu9OAALvNwAAeYkAAgBNUGxhdHRlOlVzZXJzOmRlZGFuOkRvY3VtZW50czpQYXBlcnM6MTk5NTpDaGFuOkFwcGxpY2F0aW9ucyBvZiBTaWduYSM0MEIyMy5wZGYAAA4AxgBiAEEAcABwAGwAaQBjAGEAdABpAG8AbgBzACAAbwBmACAAUwBpAGcAbgBhAGwAIABQAHIAbwBjAGUAcwBzAGkAbgBnACAAdABvACAAQQB1AGQAaQBvACAAYQBuAGQAIABBAGMAbwB1AHMAdABpAGMAcwAgADEAOQA5ADUALgAgAEkARQBFAEUAIABBAFMAUwBQACAAVwBvAHIAawBzAGgAbwBwACAAbwBuACAAMQA5ADkANQAgAEMAaABhAG4ALgBwAGQAZgAPAA4ABgBQAGwAYQB0AHQAZQASAIlVc2Vycy9kZWRhbi9Eb2N1bWVudHMvUGFwZXJzLzE5OTUvQ2hhbi9BcHBsaWNhdGlvbnMgb2YgU2lnbmFsIFByb2Nlc3NpbmcgdG8gQXVkaW8gYW5kIEFjb3VzdGljcyAxOTk1LiBJRUVFIEFTU1AgV29ya3Nob3Agb24gMTk5NSBDaGFuLnBkZgAAEwABLwAAFQACAAz//wAAgAXSHB0eH1gkY2xhc3Nlc1okY2xhc3NuYW1lox8gIV1OU011dGFibGVEYXRhVk5TRGF0YVhOU09iamVjdF8QiS4uLy4uLy4uLy4uL0RvY3VtZW50cy9QYXBlcnMvMTk5NS9DaGFuL0FwcGxpY2F0aW9ucyBvZiBTaWduYWwgUHJvY2Vzc2luZyB0byBBdWRpbyBhbmQgQWNvdXN0aWNzIDE5OTUuIElFRUUgQVNTUCBXb3Jrc2hvcCBvbiAxOTk1IENoYW4ucGRm0hwdJCWiJSFcTlNEaWN0aW9uYXJ5EgABhqBfEA9OU0tleWVkQXJjaGl2ZXIACAARABYAHwAoADIANQA6ADwARQBLAFIAXQBlAGwAbwBxAHMAdgB4AHoAfACGAJMAmACgA0IDRANJA1IDXQNhA28DdgN/BAsEEAQTBCAEJQAAAAAAAAIBAAAAAAAAACgAAAAAAAAAAAAAAAAAAAQ3},
	Bdsk-Url-1 = {http://ieeexplore.ieee.org/search/srchabstract.jsp?arnumber=482980&isnumber=10326&punumber=3495&k2dockey=482980@ieeecnfs},
	Bdsk-Url-2 = {http://dx.doi.org/10.1109/ASPAA.1995.482980}}

@article{Hart:2004p3786,
	Author = {C. B Hart},
	Date-Added = {2009-09-10 16:58:37 +0200},
	Date-Modified = {2009-09-10 16:58:43 +0200},
	Doi = {10.1523/JNEUROSCI.5626-03.2004},
	Journal = {Journal of Neuroscience},
	Local-Url = {file://localhost/Users/dedan/Documents/Papers/2004/Hart/Journal%20of%20Neuroscience%202004%20Hart.pdf},
	Month = {Jun},
	Number = {22},
	Pages = {5269--5282},
	Rating = {0},
	Read = {Yes},
	Title = {Modular Premotor Drives and Unit Bursts as Primitives for Frog Motor Behaviors},
	Uri = {papers://4E5C2F71-798B-4BA5-8F23-7DF5981E424E/Paper/p3786},
	Volume = {24},
	Year = {2004},
	Bdsk-File-1 = {YnBsaXN0MDDUAQIDBAUIJidUJHRvcFgkb2JqZWN0c1gkdmVyc2lvblkkYXJjaGl2ZXLRBgdUcm9vdIABqAkKFRYXGyIjVSRudWxs0wsMDQ4RFFpOUy5vYmplY3RzV05TLmtleXNWJGNsYXNzog8QgASABqISE4ACgAOAB1lhbGlhc0RhdGFccmVsYXRpdmVQYXRo0hgNGRpXTlMuZGF0YU8RAeYAAAAAAeYAAgAABlBsYXR0ZQAAAAAAAAAAAAAAAAAAAAAAAAAAAMYxEPhIKwAAACyeth9Kb3VybmFsIG9mIE5ldXJvc2NpZSMyQzlERUIucGRmAAAAAAAAAAAAAAAAAAAAAAAAAAAAAAAAAAAAAAAAAAAALJ3rxs7uIQAAAAAAAAAAAAQABQAACSAAAAAAAAAAAAAAAAAAAAAESGFydAAQAAgAAMYw5sgAAAARAAgAAMbOw/EAAAABABgALJ62AAQLTQAEAMUAAu9OAALvNwAAeYkAAgBNUGxhdHRlOlVzZXJzOmRlZGFuOkRvY3VtZW50czpQYXBlcnM6MjAwNDpIYXJ0OkpvdXJuYWwgb2YgTmV1cm9zY2llIzJDOURFQi5wZGYAAA4ATAAlAEoAbwB1AHIAbgBhAGwAIABvAGYAIABOAGUAdQByAG8AcwBjAGkAZQBuAGMAZQAgADIAMAAwADQAIABIAGEAcgB0AC4AcABkAGYADwAOAAYAUABsAGEAdAB0AGUAEgBMVXNlcnMvZGVkYW4vRG9jdW1lbnRzL1BhcGVycy8yMDA0L0hhcnQvSm91cm5hbCBvZiBOZXVyb3NjaWVuY2UgMjAwNCBIYXJ0LnBkZgATAAEvAAAVAAIADP//AACABdIcHR4fWCRjbGFzc2VzWiRjbGFzc25hbWWjHyAhXU5TTXV0YWJsZURhdGFWTlNEYXRhWE5TT2JqZWN0XxBMLi4vLi4vLi4vLi4vRG9jdW1lbnRzL1BhcGVycy8yMDA0L0hhcnQvSm91cm5hbCBvZiBOZXVyb3NjaWVuY2UgMjAwNCBIYXJ0LnBkZtIcHSQloiUhXE5TRGljdGlvbmFyeRIAAYagXxAPTlNLZXllZEFyY2hpdmVyAAgAEQAWAB8AKAAyADUAOgA8AEUASwBSAF0AZQBsAG8AcQBzAHYAeAB6AHwAhgCTAJgAoAKKAowCkQKaAqUCqQK3Ar4CxwMWAxsDHgMrAzAAAAAAAAACAQAAAAAAAAAoAAAAAAAAAAAAAAAAAAADQg==},
	Bdsk-Url-1 = {http://dx.doi.org/10.1523/JNEUROSCI.5626-03.2004}}

@article{Ting:2004p3785,
	Author = {L. H Ting},
	Date-Added = {2009-09-10 16:58:42 +0200},
	Date-Modified = {2009-09-10 16:58:43 +0200},
	Doi = {10.1152/jn.00681.2004},
	Journal = {Journal of Neurophysiology},
	Local-Url = {file://localhost/Users/dedan/Documents/Papers/2004/Ting/Journal%20of%20Neurophysiology%202004%20Ting.pdf},
	Month = {Aug},
	Number = {1},
	Pages = {609--613},
	Rating = {0},
	Read = {Yes},
	Title = {A Limited Set of Muscle Synergies for Force Control During a Postural Task},
	Uri = {papers://4E5C2F71-798B-4BA5-8F23-7DF5981E424E/Paper/p3785},
	Volume = {93},
	Year = {2004},
	Bdsk-File-1 = {YnBsaXN0MDDUAQIDBAUIJidUJHRvcFgkb2JqZWN0c1gkdmVyc2lvblkkYXJjaGl2ZXLRBgdUcm9vdIABqAkKFRYXGyIjVSRudWxs0wsMDQ4RFFpOUy5vYmplY3RzV05TLmtleXNWJGNsYXNzog8QgASABqISE4ACgAOAB1lhbGlhc0RhdGFccmVsYXRpdmVQYXRo0hgNGRpXTlMuZGF0YU8RAfAAAAAAAfAAAgAABlBsYXR0ZQAAAAAAAAAAAAAAAAAAAAAAAAAAAMYxEPhIKwAAACyexR9Kb3VybmFsIG9mIE5ldXJvcGh5cyMyQzlEREYucGRmAAAAAAAAAAAAAAAAAAAAAAAAAAAAAAAAAAAAAAAAAAAALJ3fxs7uFQAAAAAAAAAAAAQABQAACSAAAAAAAAAAAAAAAAAAAAAEVGluZwAQAAgAAMYw5sgAAAARAAgAAMbOw+UAAAABABgALJ7FAAQLTQAEAMUAAu9OAALvNwAAeYkAAgBNUGxhdHRlOlVzZXJzOmRlZGFuOkRvY3VtZW50czpQYXBlcnM6MjAwNDpUaW5nOkpvdXJuYWwgb2YgTmV1cm9waHlzIzJDOURERi5wZGYAAA4AUgAoAEoAbwB1AHIAbgBhAGwAIABvAGYAIABOAGUAdQByAG8AcABoAHkAcwBpAG8AbABvAGcAeQAgADIAMAAwADQAIABUAGkAbgBnAC4AcABkAGYADwAOAAYAUABsAGEAdAB0AGUAEgBPVXNlcnMvZGVkYW4vRG9jdW1lbnRzL1BhcGVycy8yMDA0L1RpbmcvSm91cm5hbCBvZiBOZXVyb3BoeXNpb2xvZ3kgMjAwNCBUaW5nLnBkZgAAEwABLwAAFQACAAz//wAAgAXSHB0eH1gkY2xhc3Nlc1okY2xhc3NuYW1lox8gIV1OU011dGFibGVEYXRhVk5TRGF0YVhOU09iamVjdF8QTy4uLy4uLy4uLy4uL0RvY3VtZW50cy9QYXBlcnMvMjAwNC9UaW5nL0pvdXJuYWwgb2YgTmV1cm9waHlzaW9sb2d5IDIwMDQgVGluZy5wZGbSHB0kJaIlIVxOU0RpY3Rpb25hcnkSAAGGoF8QD05TS2V5ZWRBcmNoaXZlcgAIABEAFgAfACgAMgA1ADoAPABFAEsAUgBdAGUAbABvAHEAcwB2AHgAegB8AIYAkwCYAKAClAKWApsCpAKvArMCwQLIAtEDIwMoAysDOAM9AAAAAAAAAgEAAAAAAAAAKAAAAAAAAAAAAAAAAAAAA08=},
	Bdsk-Url-1 = {http://dx.doi.org/10.1152/jn.00681.2004}}

@article{Olree:1995p3781,
	Author = {KS Olree and CL Vaughan},
	Date-Added = {2009-09-10 16:58:41 +0200},
	Date-Modified = {2009-09-10 17:01:27 +0200},
	Journal = {Biological Cybernetics},
	Local-Url = {file://localhost/Users/dedan/Documents/Papers/1995/Olree/Biological%20Cybernetics%201995%20Olree.pdf},
	Number = {5},
	Pages = {409--414},
	Pmid = {12647241739456897778related:8mLSpFoHhK8J},
	Rating = {0},
	Read = {Yes},
	Title = {Fundamental patterns of bilateral muscle activity in human locomotion},
	Uri = {papers://4E5C2F71-798B-4BA5-8F23-7DF5981E424E/Paper/p3781},
	Volume = {73},
	Year = {1995},
	Bdsk-File-1 = {YnBsaXN0MDDUAQIDBAUIJidUJHRvcFgkb2JqZWN0c1gkdmVyc2lvblkkYXJjaGl2ZXLRBgdUcm9vdIABqAkKFRYXGyIjVSRudWxs0wsMDQ4RFFpOUy5vYmplY3RzV05TLmtleXNWJGNsYXNzog8QgASABqISE4ACgAOAB1lhbGlhc0RhdGFccmVsYXRpdmVQYXRo0hgNGRpXTlMuZGF0YU8RAeoAAAAAAeoAAgAABlBsYXR0ZQAAAAAAAAAAAAAAAAAAAAAAAAAAAMYxEPhIKwAAACye5x9CaW9sb2dpY2FsIEN5YmVybmV0aSMyQzlERDMucGRmAAAAAAAAAAAAAAAAAAAAAAAAAAAAAAAAAAAAAAAAAAAALJ3Txs7uEAAAAAAAAAAAAAQABQAACSAAAAAAAAAAAAAAAAAAAAAFT2xyZWUAABAACAAAxjDmyAAAABEACAAAxs7D4AAAAAEAGAAsnucABAshAAQAxQAC704AAu83AAB5iQACAE5QbGF0dGU6VXNlcnM6ZGVkYW46RG9jdW1lbnRzOlBhcGVyczoxOTk1Ok9scmVlOkJpb2xvZ2ljYWwgQ3liZXJuZXRpIzJDOUREMy5wZGYADgBMACUAQgBpAG8AbABvAGcAaQBjAGEAbAAgAEMAeQBiAGUAcgBuAGUAdABpAGMAcwAgADEAOQA5ADUAIABPAGwAcgBlAGUALgBwAGQAZgAPAA4ABgBQAGwAYQB0AHQAZQASAE1Vc2Vycy9kZWRhbi9Eb2N1bWVudHMvUGFwZXJzLzE5OTUvT2xyZWUvQmlvbG9naWNhbCBDeWJlcm5ldGljcyAxOTk1IE9scmVlLnBkZgAAEwABLwAAFQACAAz//wAAgAXSHB0eH1gkY2xhc3Nlc1okY2xhc3NuYW1lox8gIV1OU011dGFibGVEYXRhVk5TRGF0YVhOU09iamVjdF8QTS4uLy4uLy4uLy4uL0RvY3VtZW50cy9QYXBlcnMvMTk5NS9PbHJlZS9CaW9sb2dpY2FsIEN5YmVybmV0aWNzIDE5OTUgT2xyZWUucGRm0hwdJCWiJSFcTlNEaWN0aW9uYXJ5EgABhqBfEA9OU0tleWVkQXJjaGl2ZXIACAARABYAHwAoADIANQA6ADwARQBLAFIAXQBlAGwAbwBxAHMAdgB4AHoAfACGAJMAmACgAo4CkAKVAp4CqQKtArsCwgLLAxsDIAMjAzADNQAAAAAAAAIBAAAAAAAAACgAAAAAAAAAAAAAAAAAAANH}}
